timestamp,timestampms,tid,price,amount,exchange,type
1609545593,1609545593211,18412624193,29400.00,0.8644211031,gemini,buy
1609545593,1609545593211,18412624197,29400.00,0.0869888969,gemini,buy
1609545593,1609545593210,18412624178,29400.00,0.55,gemini,buy
1609545593,1609545593211,18412624195,29400.00,0.1,gemini,buy
1609545593,1609545593211,18412624187,29400.00,0.25,gemini,buy
1609545593,1609545593240,18412624213,29400.00,0.0000096831,gemini,buy
1609545593,1609545593251,18412624232,29401.76,0.0000903169,gemini,buy
1609545593,1609545593240,18412624215,29401.60,0.0000903169,gemini,buy
1609545593,1609545593251,18412624230,29401.60,0.0000096831,gemini,buy
1609545581,1609545581699,18412621123,29400.00,0.00495903,gemini,buy
1609545579,1609545579831,18412620683,29400.00,0.0037725,gemini,buy
1609545576,1609545576666,18412620032,29400.00,0.00495911,gemini,buy
1609545573,1609545573060,18412619096,29400.00,0.01667005,gemini,buy
1609545567,1609545567512,18412617915,29400.00,0.03500693,gemini,buy
1609545566,1609545566866,18412617606,29398.13,0.00162569,gemini,sell
1609545552,1609545552556,18412613024,29400.00,0.00275959,gemini,buy
1609545551,1609545551730,18412612539,29400.00,0.02109646,gemini,buy
1609545551,1609545551730,18412612537,29399.99,0.14560405,gemini,buy
1609545539,1609545539927,18412607740,29392.54,0.01741554,gemini,sell
1609545539,1609545539927,18412607738,29392.55,0.12666001,gemini,sell
1609545536,1609545536574,18412606959,29399.66,0.033895365,gemini,buy
1609545490,1609545490047,18412586762,29396.53,0.00162497,gemini,buy
1609545490,1609545490733,18412587193,29396.53,0.00510238,gemini,buy
1609545472,1609545472260,18412580294,29398.00,0.0097736024,gemini,buy
1609545468,1609545468046,18412578820,29385.91,0.1061787,gemini,sell
1609545468,1609545468046,18412578818,29385.92,0.0698213,gemini,sell
1609545461,1609545461373,18412576922,29398.00,0.0000003389,gemini,buy
1609545460,1609545460280,18412576606,29396.53,0.01667118,gemini,buy
1609545454,1609545454551,18412574651,29396.53,0.00073582,gemini,buy
1609545422,1609545422299,18412560749,29398.00,0.0000339,gemini,buy
1609545410,1609545410079,18412556140,29398.00,0.00162497,gemini,buy
1609545383,1609545383955,18412544723,29392.67,0.05612907,gemini,buy
1609545379,1609545379640,18412542662,29376.79,0.00128742,gemini,sell
1609545377,1609545377758,18412541729,29396.52,0.01587489,gemini,buy
1609545375,1609545375491,18412540634,29383.42,0.269,gemini,sell
1609545330,1609545330889,18412526283,29396.53,0.00243742,gemini,buy
1609545328,1609545328450,18412525237,29396.53,0.00582225,gemini,buy
1609545306,1609545306116,18412514271,29398.00,0.00030514,gemini,buy
1609545303,1609545303700,18412512657,29380.00,0.1,gemini,buy
1609545294,1609545294652,18412508463,29385.89,0.00443363,gemini,buy
1609545262,1609545262550,18412492315,29380.94,1.0568377,gemini,sell
1609545262,1609545262550,18412492313,29381.04,0.2954,gemini,sell
1609545262,1609545262550,18412492311,29382.51,2,gemini,sell
1609545262,1609545262550,18412492309,29382.52,0.11234105,gemini,sell
1609545257,1609545257375,18412490653,29396.53,0.00328363,gemini,buy
1609545243,1609545243774,18412483491,29396.53,0.00103266,gemini,buy
1609545243,1609545243015,18412482584,29396.53,0.02969304,gemini,buy
1609545235,1609545235324,18412477751,29380.62,0.0000003391,gemini,buy
1609545189,1609545189833,18412466135,29374.07,0.00273374,gemini,buy
1609545188,1609545188325,18412465657,29359.64,0.94148316,gemini,sell
1609545188,1609545188325,18412465655,29361.10,2,gemini,sell
1609545188,1609545188325,18412465653,29361.11,0.09377161,gemini,sell
1609545185,1609545185697,18412464835,29375.56,0.0204323,gemini,buy
1609545185,1609545185697,18412464833,29375.55,0.09633796,gemini,buy
1609545169,1609545169277,18412459696,29379.88,0.00156663,gemini,buy
1609545157,1609545157098,18412456892,29364.66,0.00067847,gemini,sell
1609545157,1609545157098,18412456890,29377.60,0.00011613,gemini,sell
1609545142,1609545142758,18412451949,29377.61,0.00002848,gemini,buy
1609545128,1609545128342,18412446584,29374.83,0.20491731,gemini,sell
1609545128,1609545128342,18412446582,29374.84,0.14364738,gemini,sell
1609545110,1609545110771,18412442120,29387.40,0.00335989,gemini,buy
1609545107,1609545107117,18412441359,29387.40,0.00328465,gemini,buy
1609545107,1609545107071,18412441344,29387.40,0.00216804,gemini,buy
1609545103,1609545103611,18412440359,29387.40,0.00103294,gemini,buy
1609545078,1609545078200,18412432443,29380.71,0.06672064,gemini,buy
1609545075,1609545075949,18412431745,29380.71,0.02837855,gemini,buy
1609545072,1609545072472,18412430455,29383.58,0.0066693786,gemini,buy
1609545072,1609545072472,18412430453,29366.00,0.0000007714,gemini,buy
1609545065,1609545065201,18412427423,29365.99,0.03458,gemini,sell
1609545064,1609545064750,18412427172,29365.99,0.03434779,gemini,sell
1609545023,1609545023087,18412411148,29366.00,0.23443,gemini,buy
1609545013,1609545013491,18412406493,29366.00,0.00137347,gemini,buy
1609545011,1609545011393,18412404797,29366.00,0.0000003393,gemini,buy
1609545006,1609545006984,18412403365,29364.90,0.00078705,gemini,buy
1609545002,1609545002605,18412401857,29364.90,0.16689351,gemini,buy
1609544983,1609544983384,18412395181,29364.98,0.00472228,gemini,buy
1609544962,1609544962211,18412389187,29366.00,0.01668936,gemini,buy
1609544956,1609544956833,18412387625,29365.98,0.0066754,gemini,buy
1609544952,1609544952545,18412384354,29366.00,0.00449216,gemini,buy
1609544947,1609544947962,18412382868,29366.00,0.0066754,gemini,buy
1609544944,1609544944503,18412379195,29346.97,0.00000246,gemini,buy
1609544944,1609544944459,18412379133,29345.32,0.3409,gemini,buy
1609544944,1609544944470,18412379176,29346.97,0.34089877,gemini,buy
1609544944,1609544944470,18412379174,29345.32,0.00000123,gemini,buy
1609544944,1609544944503,18412379197,29348.62,0.34089754,gemini,buy
1609544944,1609544944503,18412379203,29348.62,0.00000369,gemini,buy
1609544944,1609544944503,18412379205,29349.75,0.34079631,gemini,buy
1609544944,1609544944621,18412379337,29349.75,0.00009,gemini,buy
1609544918,1609544918143,18412370785,29349.15,0.04956756,gemini,buy
1609544905,1609544905611,18412368185,29349.15,0.00983532,gemini,buy
1609544890,1609544890505,18412363956,29349.15,0.00160137,gemini,buy
1609544877,1609544877841,18412360729,29345.74,0.00003262,gemini,buy
1609544877,1609544877841,18412360731,29347.44,0.16697605,gemini,buy
1609544872,1609544872610,18412358752,29325.01,0.00882247,gemini,sell
1609544872,1609544872610,18412358750,29350.00,0.00003653,gemini,sell
1609544872,1609544872098,18412358602,29350.01,0.0033952704,gemini,buy
1609544863,1609544863123,18412355582,29353.02,0.00162763,gemini,buy
1609544862,1609544862124,18412355262,29353.02,0.00098913,gemini,buy
1609544862,1609544862124,18412355260,29353.01,0.00004438,gemini,buy
1609544824,1609544824309,18412338980,29350.00,0.2401,gemini,sell
1609544814,1609544814812,18412330919,29361.97,0.0016969437,gemini,buy
1609544807,1609544807977,18412328942,29361.97,0.00162697,gemini,buy
1609544805,1609544805318,18412328317,29361.97,0.02891896,gemini,buy
1609544805,1609544805318,18412328315,29361.96,0.0000251,gemini,buy
1609544790,1609544790565,18412324469,29361.97,0.24088195,gemini,buy
1609544790,1609544790565,18412324467,29361.96,0.00031856,gemini,buy
1609544772,1609544772556,18412318267,29366.00,0.0000003393,gemini,buy
1609544757,1609544757297,18412313495,29358.26,0.00029855,gemini,sell
1609544743,1609544743309,18412308596,29366.00,0.00667517,gemini,buy
1609544740,1609544740210,18412307386,29366.00,0.00273549,gemini,buy
1609544728,1609544728353,18412304327,29364.64,0.00328719,gemini,buy
1609544725,1609544725509,18412303450,29364.64,0.00080551,gemini,buy
1609544718,1609544718340,18412301213,29366.99,0.00616693,gemini,buy
1609544717,1609544717634,18412300870,29366.99,0.03006497,gemini,buy
1609544709,1609544709155,18412297836,29366.99,0.00328693,gemini,buy
1609544701,1609544701975,18412295986,29366.99,0.00046515,gemini,buy
1609544679,1609544679546,18412288772,29380.82,0.00216694,gemini,buy
1609544650,1609544650605,18412282741,29380.82,0.01501947,gemini,buy
1609544639,1609544639308,18412278334,29367.51,0.00301639,gemini,buy
1609544616,1609544616447,18412271871,29372.78,0.00057461,gemini,buy
1609544616,1609544616447,18412271869,29372.77,0.00003197,gemini,buy
1609544611,1609544611090,18412269312,29379.32,0.01665516,gemini,buy
1609544611,1609544611090,18412269310,29379.31,0.00002765,gemini,buy
1609544597,1609544597536,18412266222,29377.51,0.01757379,gemini,buy
1609544591,1609544591338,18412263173,29393.46,0.01077103,gemini,buy
1609544586,1609544586795,18412261604,29395.71,0.00273244,gemini,buy
1609544562,1609544562679,18412255140,29385.48,0.00328411,gemini,buy
1609544560,1609544560649,18412254372,29385.48,0.00804637,gemini,buy
1609544560,1609544560138,18412254169,29385.48,0.81883774,gemini,buy
1609544560,1609544560138,18412254167,29385.47,0.18136532,gemini,buy
1609544553,1609544553836,18412251222,29389.21,0.00046486,gemini,buy
1609544549,1609544549384,18412249330,29393.69,0.000000339,gemini,buy
1609544549,1609544549407,18412249371,29379.03,0.00374416,gemini,sell
1609544549,1609544549407,18412249373,29372.65,0.18180782,gemini,sell
1609544549,1609544549407,18412249375,29372.64,0.39424802,gemini,sell
1609544543,1609544543306,18412246909,29391.80,0.04076602,gemini,buy
1609544543,1609544543306,18412246907,29391.79,0.0170588,gemini,buy
1609544540,1609544540767,18412244787,29383.76,0.01700681,gemini,sell
1609544535,1609544535533,18412243242,29399.85,0.00089002,gemini,buy
1609544533,1609544533380,18412242645,29399.85,0.00328324,gemini,buy
1609544510,1609544510991,18412233837,29400.00,0.02000406,gemini,buy
1609544510,1609544510445,18412233618,29400.00,0.00400794,gemini,buy
1609544502,1609544502407,18412232131,29399.99,0.22812075,gemini,sell
1609544474,1609544474164,18412224507,29400.00,0.00273243,gemini,buy
1609544457,1609544457847,18412217198,29398.62,0.16962585,gemini,buy
1609544453,1609544453450,18412216176,29399.01,0.00062648,gemini,buy
1609544451,1609544451056,18412215577,29399.01,0.00643166,gemini,buy
1609544439,1609544439514,18412211778,29398.54,0.00002123,gemini,buy
1609544439,1609544439514,18412211780,29398.55,0.00011453,gemini,buy
1609544438,1609544438512,18412211416,29400.00,0.00720408,gemini,buy
1609544438,1609544438512,18412211414,29389.87,0.001,gemini,buy
1609544438,1609544438512,18412211412,29389.87,0.001,gemini,buy
1609544438,1609544438512,18412211410,29389.87,0.001,gemini,buy
1609544428,1609544428598,18412205811,29391.49,0.00089367,gemini,sell
1609544428,1609544428598,18412205809,29398.54,0.00010633,gemini,sell
1609544415,1609544415459,18412202210,29400.00,0.00103179,gemini,buy
1609544412,1609544412029,18412200467,29400.00,0.01834602,gemini,buy
1609544399,1609544399866,18412195073,29400.00,0.033928868,gemini,buy
1609544398,1609544398470,18412194384,29400.00,0.00260635,gemini,buy
1609544397,1609544397369,18412194067,29400.00,0.001,gemini,buy
1609544397,1609544397269,18412194033,29400.00,0.001,gemini,buy
1609544397,1609544397169,18412193985,29400.00,0.001,gemini,buy
1609544397,1609544397069,18412193950,29400.00,0.001,gemini,buy
1609544395,1609544395744,18412193523,29400.00,2.1375063111,gemini,buy
1609544395,1609544395744,18412193525,29400.00,0.1524936889,gemini,buy
1609544392,1609544392611,18412191281,29400.00,0.02540882,gemini,buy
1609544369,1609544369045,18412183499,29399.97,0.00666768,gemini,buy
1609544355,1609544355208,18412178773,29399.43,0.00890796,gemini,buy
1609544355,1609544355208,18412178771,29399.42,0.14102956,gemini,buy
1609544352,1609544352502,18412177621,29400.00,0.00144349,gemini,buy
1609544350,1609544350822,18412176478,29398.55,0.00046486,gemini,buy
1609544344,1609544344573,18412173318,29399.53,0.00003418,gemini,buy
1609544341,1609544341594,18412172280,29398.84,0.08,gemini,sell
1609544341,1609544341362,18412172126,29398.84,0.16,gemini,sell
1609544339,1609544339301,18412170820,29399.94,0.05367492,gemini,buy
1609544337,1609544337926,18412170402,29399.48,0.02719905,gemini,sell
1609544337,1609544337926,18412170400,29399.48,0.01742989,gemini,sell
1609544337,1609544337926,18412170398,29399.56,0.00001626,gemini,sell
1609544337,1609544337926,18412170404,29398.85,0.16022,gemini,sell
1609544337,1609544337926,18412170406,29398.84,0.49803212,gemini,sell
1609544336,1609544336298,18412169676,29400.00,0.00581583,gemini,buy
1609544330,1609544330296,18412166919,29400.00,0.02326335,gemini,buy
1609544324,1609544324458,18412164152,29399.70,0.0000003389,gemini,buy
1609544317,1609544317031,18412161295,29399.58,0.01667028,gemini,buy
1609544273,1609544273949,18412141749,29400.00,0.00273243,gemini,buy
1609544267,1609544267369,18412138677,29400.00,0.0007483,gemini,buy
1609544263,1609544263421,18412137027,29399.92,0.0847376631,gemini,buy
1609544249,1609544249026,18412130812,29400.00,0.16670051,gemini,buy
1609544243,1609544243205,18412126743,29400.00,0.00497546,gemini,buy
1609544226,1609544226798,18412121751,29400.00,0.0170068,gemini,buy
1609544221,1609544221836,18412119745,29400.00,0.00003389,gemini,buy
1609544213,1609544213781,18412115840,29400.00,0.09504445,gemini,buy
1609544208,1609544208323,18412114653,29400.00,0.05102041,gemini,buy
1609544203,1609544203782,18412113528,29400.00,0.01269085,gemini,buy
1609544193,1609544193779,18412110939,29400.00,0.1595261,gemini,buy
1609544191,1609544191571,18412109825,29400.00,0.00162486,gemini,buy
1609544187,1609544187455,18412108174,29400.00,0.01667005,gemini,buy
1609544176,1609544176638,18412105415,29400.00,0.00294479,gemini,buy
1609544174,1609544174622,18412105036,29400.00,0.00131519,gemini,buy
1609544173,1609544173761,18412104914,29400.00,0.19602258,gemini,buy
1609544172,1609544172463,18412104651,29400.00,0.00131519,gemini,buy
1609544164,1609544164408,18412101688,29400.00,0.00328328,gemini,buy
1609544163,1609544163756,18412101465,29399.66,0.10348704,gemini,buy
1609544141,1609544141198,18412088586,29398.55,0.00243725,gemini,buy
1609544124,1609544124110,18412078447,29398.55,0.00414966,gemini,buy
1609544120,1609544120706,18412075193,29398.54,0.01009825,gemini,sell
1609544120,1609544120706,18412075191,29398.65,1.22388737,gemini,sell
1609544120,1609544120706,18412075189,29399.10,0.19971438,gemini,sell
1609544104,1609544104084,18412066232,29400.00,0.00046485,gemini,buy
1609544092,1609544092361,18412059415,29400.00,5.93606988,gemini,buy
1609544092,1609544092361,18412059413,29398.55,0.00003012,gemini,buy
1609544092,1609544092360,18412059404,29398.55,0.3403,gemini,buy
1609544091,1609544091985,18412059221,29398.54,0.05668934,gemini,buy
1609544089,1609544089165,18412058127,29398.54,0.01667087,gemini,buy
1609544088,1609544088905,18412058058,29398.54,0.00443311,gemini,buy
1609544083,1609544083174,18412056631,29398.54,0.0000003389,gemini,buy
1609544082,1609544082652,18412056428,29398.53,0.02040816,gemini,buy
1609544071,1609544071682,18412052497,29398.53,0.01078284,gemini,buy
1609544067,1609544067867,18412051148,29393.19,0.01000435,gemini,buy
1609544060,1609544060324,18412046797,29382.18,0.42663202,gemini,sell
1609544060,1609544060324,18412046795,29385.34,0.07336798,gemini,sell
1609544045,1609544045776,18412038965,29398.54,0.0053404,gemini,buy
1609544017,1609544017059,18412025228,29400.00,0.00833509,gemini,buy
1609544006,1609544006120,18412018798,29398.54,0.0216805,gemini,buy
1609544006,1609544006120,18412018796,29398.17,0.04500654,gemini,buy
1609543979,1609543979994,18412006875,29398.54,0.01667088,gemini,buy
1609543968,1609543968564,18411999880,29387.90,0.0318,gemini,sell
1609543963,1609543963492,18411996185,29381.16,0.00000446,gemini,buy
1609543963,1609543963492,18411996187,29397.34,0.0006224,gemini,buy
1609543962,1609543962929,18411995401,29381.16,0.00003,gemini,buy
1609543962,1609543962846,18411995262,29381.16,0.003,gemini,buy
1609543947,1609543947371,18411987227,29381.16,0.00046515,gemini,buy
1609543944,1609543944454,18411984052,29380.26,0.00060696,gemini,buy
1609543937,1609543937937,18411981393,29379.03,0.00275281,gemini,buy
1609543937,1609543937937,18411981391,29368.54,0.00053253,gemini,buy
1609543937,1609543937445,18411981118,29368.54,0.00786747,gemini,buy
1609543937,1609543937058,18411980871,29368.54,0.09,gemini,buy
1609543923,1609543923024,18411976498,29381.16,0.00049351,gemini,buy
1609543854,1609543854979,18411949396,29368.54,0.0000003393,gemini,buy
1609543854,1609543854539,18411949263,29361.35,0.00699139,gemini,buy
1609543850,1609543850160,18411947617,29361.35,0.00074907,gemini,buy
1609543811,1609543811493,18411934112,29369.46,0.03337329,gemini,buy
1609543791,1609543791617,18411926118,29370.74,0.05561767,gemini,buy
1609543784,1609543784751,18411923097,29362.04,0.03340415,gemini,buy
1609543777,1609543777086,18411917899,29329.97,0.01598366,gemini,sell
1609543777,1609543777086,18411917897,29329.98,0.08401634,gemini,sell
1609543763,1609543763940,18411911061,29351.88,0.00633689,gemini,buy
1609543763,1609543763940,18411911059,29350.34,0.00000313,gemini,buy
1609543752,1609543752507,18411908583,29349.98,0.00248274,gemini,buy
1609543734,1609543734093,18411904600,29349.98,0.00568733,gemini,buy
1609543733,1609543733277,18411904310,29349.98,0.00557632,gemini,buy
1609543716,1609543716520,18411896361,29350.34,0.00003,gemini,buy
1609543715,1609543715594,18411895528,29350.34,0.2692,gemini,buy
1609543686,1609543686161,18411886364,29350.51,0.03339412,gemini,buy
1609543673,1609543673275,18411882445,29352.42,0.00131706,gemini,buy
1609543660,1609543660814,18411877575,29352.42,0.0734671,gemini,buy
1609543652,1609543652053,18411874556,29328.40,0.02318088,gemini,sell
1609543652,1609543652053,18411874554,29350.00,0.01022146,gemini,sell
1609543634,1609543634453,18411864059,29358.25,0.01135716,gemini,buy
1609543613,1609543613984,18411857571,29350.34,0.3238172,gemini,sell
1609543613,1609543613984,18411857569,29350.45,0.08130893,gemini,sell
1609543613,1609543613682,18411857488,29362.43,0.00109029,gemini,buy
1609543603,1609543603323,18411852912,29362.43,0.00486655,gemini,buy
1609543589,1609543589391,18411844697,29366.35,0.0000003393,gemini,buy
1609543579,1609543579634,18411840875,29350.35,0.34088027,gemini,buy
1609543579,1609543579634,18411840873,29350.03,0.34091973,gemini,buy
1609543573,1609543573293,18411838765,29350.05,0.00629847,gemini,buy
1609543538,1609543538780,18411826406,29362.59,0.00699193,gemini,buy
1609543516,1609543516813,18411818037,29365.97,0.00749243,gemini,buy
1609543512,1609543512934,18411816426,29367.20,0.01264573,gemini,buy
1609543502,1609543502897,18411811717,29361.72,0.0016969581,gemini,buy
1609543484,1609543484070,18411806443,29361.72,0.01669091,gemini,buy
1609543465,1609543465775,18411801736,29365.02,0.00557239,gemini,buy
1609543460,1609543460856,18411799956,29365.02,0.00699103,gemini,buy
1609543457,1609543457961,18411798728,29365.02,0.05007012,gemini,buy
1609543455,1609543455548,18411798229,29364.96,0.00162673,gemini,buy
1609543453,1609543453887,18411797970,29364.96,0.00557239,gemini,buy
1609543452,1609543452979,18411797769,29365.02,0.02269814,gemini,buy
1609543435,1609543435971,18411790036,29356.69,0.00000919,gemini,sell
1609543435,1609543435177,18411789573,29356.69,1.0512,gemini,sell
1609543434,1609543434743,18411789125,29356.69,0.00916239,gemini,sell
1609543423,1609543423376,18411785099,29366.24,0.00162673,gemini,buy
1609543417,1609543417197,18411782264,29366.24,0.01667955,gemini,buy
1609543411,1609543411754,18411779853,29383.24,0.0074611474,gemini,buy
1609543410,1609543410483,18411779543,29383.24,0.00162647,gemini,buy
1609543397,1609543397685,18411775240,29385.51,0.00079607,gemini,buy
1609543384,1609543384404,18411770539,29370.98,0.01973138,gemini,buy
1609543383,1609543383917,18411770452,29370.98,0.00062707,gemini,buy
1609543371,1609543371065,18411766293,29371.96,0.00328637,gemini,buy
1609543366,1609543366395,18411764296,29369.00,0.0000003393,gemini,buy
1609543359,1609543359097,18411760160,29361.50,0.00162699,gemini,buy
1609543349,1609543349139,18411754173,29394.80,0.00103182,gemini,buy
1609543337,1609543337716,18411751034,29394.80,0.00074835,gemini,buy
1609543325,1609543325873,18411748138,29394.80,0.00328382,gemini,buy
1609543318,1609543318609,18411745807,29394.80,0.0033900969,gemini,buy
1609543312,1609543312950,18411744637,29394.80,0.04418352,gemini,buy
1609543312,1609543312138,18411744467,29394.80,0.00328382,gemini,buy
1609543303,1609543303393,18411742149,29394.80,0.00162515,gemini,buy
1609543296,1609543296039,18411739319,29394.80,0.00429933,gemini,buy
1609543285,1609543285564,18411734933,29394.80,0.00497634,gemini,buy
1609543274,1609543274379,18411731702,29395.57,0.00328373,gemini,buy
1609543268,1609543268842,18411729364,29397.79,0.01000278,gemini,buy
1609543265,1609543265147,18411727964,29397.79,0.02167659,gemini,buy
1609543261,1609543261795,18411725651,29392.26,0.00135446,gemini,buy
1609543257,1609543257024,18411724658,29392.26,0.00060292,gemini,buy
1609543252,1609543252718,18411723372,29392.26,0.00046501,gemini,buy
1609543243,1609543243658,18411720522,29392.26,0.00013575,gemini,buy
1609543237,1609543237012,18411717870,29387.21,0.00162557,gemini,buy
1609543226,1609543226759,18411715005,29382.04,0.01609966,gemini,buy
1609543218,1609543218873,18411711498,29390.50,0.00131641,gemini,buy
1609543217,1609543217464,18411711107,29390.50,0.0141855,gemini,buy
1609543215,1609543215953,18411710461,29390.50,0.00548489,gemini,buy
1609543204,1609543204062,18411705409,29388.90,0.00328448,gemini,buy
1609543190,1609543190899,18411700188,29379.18,0.02837101,gemini,buy
1609543166,1609543166255,18411692495,29375.91,0.01668372,gemini,buy
1609543157,1609543157189,18411689139,29375.91,0.01610873,gemini,buy
1609543154,1609543154106,18411687977,29375.91,0.00557483,gemini,buy
1609543148,1609543148450,18411684238,29362.63,0.00128806,gemini,buy
1609543147,1609543147613,18411683981,29362.63,0.00498179,gemini,buy
1609543142,1609543142941,18411682248,29362.63,0.00328742,gemini,buy
1609543137,1609543137964,18411680708,29357.53,0.00667732,gemini,buy
1609543135,1609543135695,18411680041,29357.53,0.00328799,gemini,buy
1609543135,1609543135139,18411679891,29357.53,0.00162721,gemini,buy
1609543122,1609543122683,18411673686,29376.29,0.05375492,gemini,buy
1609543122,1609543122683,18411673684,29376.28,0.04634066,gemini,buy
1609543111,1609543111379,18411669577,29376.28,0.00328589,gemini,buy
1609543104,1609543104766,18411667749,29377.89,0.00162605,gemini,buy
1609543094,1609543094804,18411663547,29340.23,0.045,gemini,sell
1609543084,1609543084121,18411658448,29356.69,0.00330548,gemini,buy
1609543083,1609543083280,18411657938,29356.69,0.00067822,gemini,buy
1609543071,1609543071769,18411654492,29356.69,0.0000003394,gemini,buy
1609543052,1609543052947,18411645218,29324.60,0.00480698,gemini,sell
1609543043,1609543043920,18411640453,29345.21,0.00062762,gemini,buy
1609543034,1609543034853,18411637123,29345.21,0.03340234,gemini,buy
1609543022,1609543022394,18411630852,29351.94,0.00003395,gemini,buy
1609543021,1609543021737,18411629526,29322.90,0.33786,gemini,buy
1609543018,1609543018206,18411628308,29321.57,0.00329202,gemini,buy
1609543014,1609543014465,18411626378,29322.90,0.00329187,gemini,buy
1609543002,1609543002863,18411620553,29325.73,0.03342453,gemini,buy
1609542996,1609542996006,18411618632,29325.73,0.000676558,gemini,buy
1609542995,1609542995720,18411618585,29325.73,0.00329155,gemini,buy
1609542992,1609542992137,18411617597,29325.73,0.00162898,gemini,buy
1609542983,1609542983859,18411614881,29330.85,0.00162869,gemini,buy
1609542983,1609542983545,18411614737,29330.85,0.0066834,gemini,buy
1609542973,1609542973259,18411610526,29326.14,0.00231924,gemini,buy
1609542973,1609542973259,18411610524,29326.13,0.00003513,gemini,buy
1609542965,1609542965613,18411605970,29330.92,0.00002376,gemini,sell
1609542964,1609542964062,18411604675,29330.92,0.8494,gemini,sell
1609542957,1609542957629,18411601931,29332.17,0.16707059,gemini,buy
1609542956,1609542956892,18411601657,29332.17,0.00498696,gemini,buy
1609542954,1609542954286,18411600726,29333.48,0.00001698,gemini,buy
1609542954,1609542954286,18411600728,29333.49,0.00044862,gemini,buy
1609542953,1609542953492,18411600211,29336.33,0.01169614,gemini,buy
1609542951,1609542951947,18411599742,29337.79,0.00030558,gemini,buy
1609542946,1609542946195,18411597985,29341.10,0.00062771,gemini,buy
1609542945,1609542945527,18411597806,29341.10,0.00327134,gemini,buy
1609542945,1609542945527,18411597804,29341.09,0.00001919,gemini,buy
1609542901,1609542901332,18411581437,29348.08,0.00472567,gemini,buy
1609542895,1609542895985,18411577940,29349.00,0.00027258,gemini,sell
1609542895,1609542895059,18411577684,29349.01,0.1669901,gemini,buy
1609542881,1609542881788,18411573571,29349.01,0.0001703,gemini,buy
1609542881,1609542881284,18411573372,29349.01,0.00153309,gemini,buy
1609542854,1609542854506,18411560992,29345.82,0.01078408,gemini,buy
1609542852,1609542852884,18411560236,29345.60,0.00009204,gemini,buy
1609542852,1609542852884,18411560238,29345.61,0.00018035,gemini,buy
1609542848,1609542848110,18411556615,29356.84,0.034,gemini,sell
1609542848,1609542848579,18411557366,29356.85,0.0000003394,gemini,buy
1609542848,1609542848902,18411557750,29356.84,0.00005,gemini,sell
1609542847,1609542847426,18411556351,29364.33,0.00832115,gemini,buy
1609542847,1609542847426,18411556349,29364.25,0.00002382,gemini,buy
1609542835,1609542835070,18411553101,29364.26,0.00328723,gemini,buy
1609542831,1609542831310,18411551828,29364.26,0.00013588,gemini,buy
1609542824,1609542824540,18411549292,29364.26,0.00328723,gemini,buy
1609542803,1609542803932,18411542036,29364.29,0.00667578,gemini,buy
1609542802,1609542802852,18411541669,29364.29,0.00128798,gemini,buy
1609542788,1609542788319,18411532550,29373.71,0.00667364,gemini,buy
1609542780,1609542780223,18411529650,29375.17,0.0010328,gemini,buy
1609542770,1609542770216,18411526703,29372.39,0.16685716,gemini,buy
1609542756,1609542756120,18411522685,29373.85,0.00013583,gemini,buy
1609542756,1609542756633,18411522967,29373.85,0.00396385,gemini,buy
1609542754,1609542754752,18411522445,29373.85,0.00079638,gemini,buy
1609542744,1609542744499,18411518099,29371.36,0.00030523,gemini,buy
1609542739,1609542739716,18411514708,29371.70,0.0033927631,gemini,buy
1609542735,1609542735245,18411513171,29371.70,0.00162643,gemini,buy
1609542735,1609542735060,18411513043,29370.24,0.05019903,gemini,buy
1609542735,1609542735505,18411513365,29371.70,0.01702457,gemini,buy
1609542714,1609542714037,18411506820,29371.36,0.00557271,gemini,buy
1609542712,1609542712121,18411505900,29372.82,0.00103282,gemini,buy
1609542710,1609542710853,18411505430,29372.82,0.00162637,gemini,buy
1609542708,1609542708075,18411504689,29372.82,0.00901025,gemini,buy
1609542699,1609542699547,18411501312,29372.82,0.02335966,gemini,buy
1609542681,1609542681813,18411494795,29369.56,0.05784956,gemini,buy
1609542681,1609542681813,18411494793,29369.55,0.01108844,gemini,buy
1609542679,1609542679596,18411493978,29369.55,0.00029339,gemini,buy
1609542676,1609542676822,18411492720,29369.55,0.00030525,gemini,buy
1609542676,1609542676963,18411492762,29369.55,0.00162655,gemini,buy
1609542675,1609542675602,18411492428,29369.55,0.0006271,gemini,buy
1609542671,1609542671477,18411490237,29369.31,0.00005608,gemini,sell
1609542671,1609542671477,18411490241,29352.51,0.15848608,gemini,sell
1609542671,1609542671477,18411490239,29354.81,0.00177143,gemini,sell
1609542668,1609542668865,18411488629,29369.32,0.00328667,gemini,buy
1609542668,1609542668372,18411488455,29369.32,0.00210088,gemini,buy
1609542667,1609542667342,18411487809,29369.32,0.00667464,gemini,buy
1609542646,1609542646191,18411474762,29376.38,0.00046528,gemini,buy
1609542646,1609542646189,18411474754,29376.38,0.0004576,gemini,buy
1609542619,1609542619956,18411463259,29373.67,0.01051077,gemini,buy
1609542619,1609542619598,18411463148,29373.68,0.00125943,gemini,buy
1609542616,1609542616169,18411461665,29372.13,0.00062705,gemini,buy
1609542610,1609542610163,18411459238,29372.86,0.01872133,gemini,buy
1609542608,1609542608178,18411458345,29369.32,0.23376448,gemini,buy
1609542606,1609542606000,18411457576,29369.32,0.0000003393,gemini,buy
1609542605,1609542605597,18411457305,29369.31,0.036,gemini,sell
1609542586,1609542586681,18411448400,29373.26,0.00328623,gemini,buy
1609542565,1609542565827,18411442459,29373.26,0.0007964,gemini,buy
1609542559,1609542559443,18411440528,29373.09,0.00667378,gemini,buy
1609542556,1609542556500,18411439377,29373.09,0.00328625,gemini,buy
1609542554,1609542554228,18411438782,29376.53,0.1377556057,gemini,buy
1609542554,1609542554228,18411438780,29376.52,0.03185467,gemini,buy
1609542552,1609542552526,18411437806,29376.53,0.00118058,gemini,buy
1609542546,1609542546617,18411435800,29378.25,0.00128755,gemini,buy
1609542535,1609542535433,18411430971,29374.22,0.003,gemini,buy
1609542529,1609542529713,18411429264,29374.22,0.000627,gemini,buy
1609542523,1609542523582,18411426594,29374.22,0.00328612,gemini,buy
1609542517,1609542517738,18411422662,29386.06,0.00169335,gemini,buy
1609542513,1609542513980,18411421593,29386.07,0.00273401,gemini,buy
1609542510,1609542510757,18411421075,29386.07,0.00162563,gemini,buy
1609542509,1609542509522,18411420792,29386.07,0.00328479,gemini,buy
1609542506,1609542506116,18411420114,29386.07,0.00667084,gemini,buy
1609542498,1609542498582,18411418739,29390.05,0.00328425,gemini,buy
1609542493,1609542493772,18411417682,29390.05,0.01667568,gemini,buy
1609542487,1609542487180,18411415874,29369.35,0.02267121,gemini,sell
1609542487,1609542487180,18411415872,29369.55,0.02732879,gemini,sell
1609542467,1609542467944,18411411906,29390.98,0.00063917,gemini,buy
1609542457,1609542457232,18411410000,29390.98,0.00079592,gemini,buy
1609542455,1609542455301,18411409470,29389.69,0.01667589,gemini,buy
1609542447,1609542447883,18411407325,29382.98,0.00833968,gemini,buy
1609542438,1609542438058,18411404807,29382.98,0.00328514,gemini,buy
1609542430,1609542430139,18411403003,29382.98,0.0016258,gemini,buy
1609542430,1609542430473,18411403047,29382.98,0.00062682,gemini,buy
1609542422,1609542422143,18411400829,29380.03,0.00834051,gemini,buy
1609542420,1609542420881,18411400257,29381.22,0.01481376,gemini,buy
1609542415,1609542415010,18411398642,29382.98,0.1085097837,gemini,buy
1609542415,1609542415116,18411398678,29382.98,0.00128716,gemini,buy
1609542394,1609542394803,18411391596,29379.58,0.00079623,gemini,buy
1609542389,1609542389162,18411390528,29381.59,0.01985086,gemini,buy
1609542373,1609542373386,18411385364,29378.96,0.0000003391,gemini,buy
1609542362,1609542362882,18411381368,29373.80,0.01668491,gemini,buy
1609542322,1609542322522,18411368326,29373.80,0.00387011,gemini,buy
1609542308,1609542308469,18411364455,29385.80,0.00387011,gemini,buy
1609542236,1609542236456,18411344012,29354.81,0.004,gemini,sell
1609542228,1609542228620,18411340993,29375.12,0.00159999,gemini,buy
1609542225,1609542225588,18411340221,29374.71,0.0003052,gemini,buy
1609542212,1609542212806,18411334789,29368.74,0.00131707,gemini,buy
1609542192,1609542192299,18411326416,29352.41,0.05714389,gemini,sell
1609542192,1609542192299,18411326414,29356.13,0.01785611,gemini,sell
1609542170,1609542170817,18411316225,29387.69,0.00685218,gemini,buy
1609542165,1609542165636,18411314013,29362.84,0.03405,gemini,buy
1609542165,1609542165636,18411314011,29360.00,0.16870481,gemini,buy
1609542165,1609542165636,18411314015,29363.30,0.01702806,gemini,buy
1609542106,1609542106100,18411293956,29345.22,0.00614271,gemini,buy
1609542100,1609542100023,18411292187,29325.18,0.07520483,gemini,sell
1609542100,1609542100023,18411292181,29332.84,0.01307154,gemini,sell
1609542100,1609542100023,18411292183,29325.29,0.02369111,gemini,sell
1609542100,1609542100023,18411292185,29325.28,0.299,gemini,sell
1609542100,1609542100451,18411292356,29345.22,0.0000003395,gemini,buy
1609542092,1609542092672,18411289079,29353.28,0.0123871,gemini,buy
1609542064,1609542064771,18411275477,29344.35,0.1670166,gemini,buy
1609542056,1609542056105,18411273326,29344.35,0.00030212,gemini,buy
1609542033,1609542033186,18411264146,29363.30,0.00287868,gemini,buy
1609542031,1609542031270,18411263582,29363.30,0.00316908,gemini,buy
1609542024,1609542024975,18411261794,29363.30,0.01610837,gemini,buy
1609542006,1609542006588,18411255273,29363.30,0.00020195,gemini,buy
1609541992,1609541992578,18411250537,29332.96,0.03692079,gemini,sell
1609541992,1609541992578,18411250535,29334.68,0.00102268,gemini,sell
1609541992,1609541992578,18411250539,29332.85,0.1347,gemini,sell
1609541992,1609541992578,18411250541,29332.84,0.02097846,gemini,sell
1609541974,1609541974113,18411242675,29367.93,0.00983204,gemini,buy
1609541974,1609541974928,18411244256,29353.35,0.0015681,gemini,buy
1609541970,1609541970218,18411240015,29367.94,0.0001696598,gemini,buy
1609541968,1609541968805,18411239579,29343.84,0.00180326,gemini,sell
1609541952,1609541952633,18411230506,29353.72,0.00167036,gemini,buy
1609541940,1609541940808,18411226703,29353.72,0.00532256,gemini,buy
1609541886,1609541886774,18411206841,29359.78,0.16691014,gemini,buy
1609541880,1609541880886,18411204253,29355.91,0.00273573,gemini,buy
1609541876,1609541876432,18411202137,29352.08,0.0000003395,gemini,buy
1609541870,1609541870785,18411200131,29349.11,0.16697255,gemini,buy
1609541847,1609541847794,18411191883,29365.52,0.050902157,gemini,buy
1609541841,1609541841454,18411189595,29340.69,0.00000738,gemini,buy
1609541841,1609541841454,18411189597,29361.72,0.00074191,gemini,buy
1609541838,1609541838773,18411188718,29340.69,0.00241,gemini,buy
1609541833,1609541833303,18411186878,29340.69,0.05,gemini,buy
1609541821,1609541821433,18411183224,29358.93,0.00003394,gemini,buy
1609541807,1609541807305,18411176551,29345.69,0.0752244606,gemini,buy
1609541791,1609541791665,18411171463,29340.69,0.0001699,gemini,buy
1609541765,1609541765905,18411161754,29361.49,0.0027339,gemini,buy
1609541760,1609541760686,18411160908,29361.49,0.0006127,gemini,buy
1609541757,1609541757061,18411160330,29361.49,0.00398174,gemini,buy
1609541738,1609541738966,18411152734,29360.60,0.0001,gemini,sell
1609541737,1609541737756,18411152309,29363.55,0.00273263,gemini,buy
1609541724,1609541724291,18411147044,29363.55,0.03337844,gemini,buy
1609541718,1609541718778,18411144180,29363.54,0.01667904,gemini,buy
1609541692,1609541692203,18411129793,29396.92,0.01667279,gemini,buy
1609541684,1609541684898,18411126533,29395.16,0.06002205,gemini,buy
1609541670,1609541670627,18411122542,29394.32,0.00016923,gemini,buy
1609541645,1609541645158,18411112486,29366.91,0.00131287,gemini,sell
1609541643,1609541643002,18411110291,29383.14,0.0000003391,gemini,buy
1609541633,1609541633606,18411104069,29381.03,0.00443621,gemini,buy
1609541632,1609541632850,18411103697,29381.03,0.01418226,gemini,buy
1609541624,1609541624379,18411100512,29379.42,0.00260581,gemini,buy
1609541615,1609541615240,18411096137,29377.95,0.00557315,gemini,buy
1609541612,1609541612765,18411094845,29377.95,0.00273549,gemini,buy
1609541606,1609541606639,18411091597,29377.95,0.03336345,gemini,buy
1609541605,1609541605406,18411091050,29377.95,0.00330302,gemini,buy
1609541578,1609541578707,18411083825,29379.42,0.00634281,gemini,buy
1609541570,1609541570241,18411080137,29379.42,0.05004518,gemini,buy
1609541548,1609541548317,18411072368,29375.01,0.01143869,gemini,buy
1609541543,1609541543078,18411070267,29375.01,0.16684229,gemini,buy
1609541538,1609541538604,18411068088,29375.01,0.0004655,gemini,buy
1609541535,1609541535926,18411066009,29368.96,0.00060348,gemini,buy
1609541521,1609541521018,18411060188,29365.19,0.0027362,gemini,buy
1609541508,1609541508345,18411056074,29363.38,0.0004655,gemini,buy
1609541493,1609541493452,18411051627,29363.38,0.00358615,gemini,buy
1609541489,1609541489003,18411050683,29363.38,0.0031682,gemini,buy
1609541450,1609541450217,18411034361,29361.22,0.02553432,gemini,buy
1609541446,1609541446158,18411033093,29358.15,0.00089086,gemini,buy
1609541411,1609541411679,18411018898,29369.06,0.02592965,gemini,buy
1609541410,1609541410116,18411017782,29344.18,0.34071905,gemini,sell
1609541410,1609541410116,18411017776,29347.14,0.3406896,gemini,sell
1609541410,1609541410116,18411017778,29345.75,0.34070534,gemini,sell
1609541410,1609541410116,18411017780,29344.29,0.2939,gemini,sell
1609541410,1609541410116,18411017774,29348.39,0.03265611,gemini,sell
1609541410,1609541410116,18411017784,29341.73,0.34068976,gemini,sell
1609541410,1609541410116,18411017786,29335.44,0.31064014,gemini,sell
1609541410,1609541410593,18411018100,29367.49,0.0000003393,gemini,buy
1609541397,1609541397026,18411013835,29372.23,0.00780884,gemini,buy
1609541379,1609541379299,18411007543,29372.23,0.00273624,gemini,buy
1609541361,1609541361835,18411000698,29330.98,0.035,gemini,sell
1609541352,1609541352488,18410997289,29346.08,0.00248285,gemini,buy
1609541351,1609541351616,18410997008,29346.08,0.00328954,gemini,buy
1609541350,1609541350660,18410996564,29343.67,0.00711461,gemini,buy
1609541344,1609541344385,18410994172,29346.08,0.00069542,gemini,buy
1609541325,1609541325437,18410986890,29351.84,0.00062836,gemini,sell
1609541323,1609541323864,18410986399,29361.04,0.00131703,gemini,buy
1609541321,1609541321160,18410985930,29361.04,0.00068096,gemini,buy
1609541282,1609541282859,18410974035,29370.08,0.00085786,gemini,buy
1609541255,1609541255973,18410964579,29381.59,0.0001445,gemini,sell
1609541251,1609541251778,18410963441,29383.15,0.00534349,gemini,buy
1609541240,1609541240593,18410960835,29383.15,0.02836243,gemini,buy
1609541221,1609541221911,18410955039,29383.15,0.16679608,gemini,buy
1609541211,1609541211960,18410952331,29383.15,0.04003105,gemini,buy
1609541193,1609541193381,18410946789,29383.15,0.00806175,gemini,buy
1609541186,1609541186508,18410943928,29381.59,0.02711062,gemini,buy
1609541180,1609541180405,18410940425,29366.66,0.000073,gemini,sell
1609541167,1609541167569,18410937193,29381.59,0.00131528,gemini,buy
1609541165,1609541165408,18410936255,29381.59,0.0000003391,gemini,buy
1609541165,1609541165759,18410936355,29381.59,0.033916211,gemini,buy
1609541159,1609541159386,18410935129,29380.50,0.0833557,gemini,buy
1609541148,1609541148184,18410932260,29398.07,0.0351497,gemini,buy
1609541143,1609541143946,18410931074,29398.07,0.00840191,gemini,buy
1609541141,1609541141842,18410930086,29398.07,0.0833557,gemini,buy
1609541120,1609541120492,18410923857,29398.07,0.0009864,gemini,buy
1609541107,1609541107401,18410919314,29400.00,0.00666768,gemini,buy
1609541102,1609541102850,18410917846,29400.00,0.00514468,gemini,buy
1609541098,1609541098404,18410916430,29400.00,0.00666768,gemini,buy
1609541091,1609541091788,18410913776,29400.00,0.01077098,gemini,buy
1609541091,1609541091231,18410913635,29400.00,0.00131519,gemini,buy
1609541054,1609541054517,18410898896,29400.00,0.0340136,gemini,buy
1609541006,1609541006239,18410878188,29400.00,0.02333807,gemini,buy
1609540996,1609540996345,18410874459,29400.00,0.00207483,gemini,buy
1609540959,1609540959615,18410859221,29398.68,0.02033833,gemini,buy
1609540937,1609540937004,18410853390,29366.18,0.0002,gemini,sell
1609540919,1609540919390,18410847428,29400.00,0.0000003389,gemini,buy
1609540910,1609540910499,18410842715,29398.21,0.00273243,gemini,buy
1609540906,1609540906312,18410838545,29398.21,0.00666768,gemini,buy
1609540890,1609540890823,18410833395,29400.00,0.001174,gemini,buy
1609540875,1609540875664,18410828576,29400.00,1.00905441,gemini,buy
1609540874,1609540874094,18410828156,29400.00,0.00062645,gemini,buy
1609540873,1609540873129,18410827782,29400.00,0.00457448,gemini,buy
1609540853,1609540853952,18410823236,29400.00,0.00046506,gemini,buy
1609540853,1609540853761,18410823169,29400.00,0.00062645,gemini,buy
1609540849,1609540849452,18410821295,29400.00,0.00216651,gemini,buy
1609540833,1609540833494,18410815054,29400.00,0.01700553,gemini,buy
1609540831,1609540831579,18410814547,29400.00,0.00131764,gemini,buy
1609540830,1609540830470,18410814218,29400.00,0.00103366,gemini,buy
1609540781,1609540781765,18410800055,29382.98,0.00612971,gemini,buy
1609540780,1609540780746,18410799709,29382.98,0.00202614,gemini,buy
1609540769,1609540769901,18410794877,29372.15,0.00156855,gemini,buy
1609540760,1609540760158,18410790954,29368.69,0.00160048,gemini,buy
1609540760,1609540760159,18410790960,29368.69,0.00508447,gemini,buy
1609540756,1609540756885,18410788178,29350.60,0.2,gemini,buy
1609540752,1609540752503,18410784860,29345.45,0.002908,gemini,buy
1609540746,1609540746927,18410783780,29345.45,0.0339579801,gemini,buy
1609540742,1609540742735,18410782540,29345.45,0.00165304,gemini,buy
1609540739,1609540739597,18410781404,29350.00,0.15373542,gemini,sell
1609540736,1609540736762,18410780016,29350.07,0.00160048,gemini,buy
1609540734,1609540734166,18410778874,29350.00,0.34105577,gemini,sell
1609540724,1609540724855,18410775128,29350.12,0.00002491,gemini,buy
1609540724,1609540724855,18410775130,29350.13,0.03119021,gemini,buy
1609540719,1609540719358,18410772656,29350.00,0.34112442,gemini,sell
1609540716,1609540716093,18410771640,29350.00,0.17057221,gemini,sell
1609540716,1609540716727,18410771815,29350.00,0.17056656,gemini,sell
1609540715,1609540715490,18410771413,29350.00,0.17056358,gemini,sell
1609540715,1609540715497,18410771435,29350.00,0.34112296,gemini,sell
1609540715,1609540715496,18410771429,29350.00,0.34112296,gemini,sell
1609540714,1609540714443,18410771095,29350.00,0.17056153,gemini,sell
1609540714,1609540714168,18410770842,29350.00,0.4459135,gemini,sell
1609540714,1609540714953,18410771202,29350.00,0.17056153,gemini,sell
1609540713,1609540713903,18410770706,29350.00,0.17056147,gemini,sell
1609540713,1609540713753,18410770669,29350.00,0.34112296,gemini,sell
1609540713,1609540713751,18410770663,29350.00,0.34112296,gemini,sell
1609540713,1609540713368,18410770463,29350.00,0.17056147,gemini,sell
1609540712,1609540712758,18410770077,29350.00,0.17055293,gemini,sell
1609540712,1609540712254,18410769806,29350.00,0.17055293,gemini,sell
1609540711,1609540711467,18410769376,29350.00,0.34108881,gemini,sell
1609540711,1609540711495,18410769453,29350.00,0.17054439,gemini,sell
1609540710,1609540710439,18410768713,29350.00,0.13644843,gemini,sell
1609540710,1609540710439,18410768711,29350.00,0.03409478,gemini,sell
1609540710,1609540710937,18410769171,29350.00,0.17054321,gemini,sell
1609540709,1609540709823,18410767718,29360.00,0.00340599,gemini,sell
1609540709,1609540709823,18410767716,29360.00,0.04659571,gemini,sell
1609540709,1609540709810,18410767710,29360.00,0.03534,gemini,sell
1609540709,1609540709809,18410767704,29360.00,0.1,gemini,sell
1609540709,1609540709809,18410767698,29360.00,0.05,gemini,sell
1609540709,1609540709809,18410767692,29360.00,0.25,gemini,sell
1609540709,1609540709808,18410767683,29360.00,0.05,gemini,sell
1609540709,1609540709808,18410767677,29360.00,1.15667,gemini,sell
1609540705,1609540705039,18410766319,29361.31,0.00322,gemini,buy
1609540704,1609540704811,18410766207,29361.31,0.00667617,gemini,buy
1609540692,1609540692493,18410761031,29360.00,0.17049301,gemini,sell
1609540691,1609540691953,18410760920,29360.00,0.17049301,gemini,sell
1609540679,1609540679066,18410756781,29377.58,0.32478608,gemini,buy
1609540679,1609540679066,18410756783,29378.13,0.1655555,gemini,buy
1609540676,1609540676601,18410756317,29377.58,0.01610838,gemini,buy
1609540672,1609540672169,18410754638,29370.95,0.01559208,gemini,buy
1609540669,1609540669173,18410753805,29370.95,0.00060357,gemini,buy
1609540666,1609540666422,18410752868,29360.00,0.03464839,gemini,sell
1609540665,1609540665662,18410752590,29360.82,0.13461546,gemini,buy
1609540665,1609540665662,18410752588,29360.81,0.03219067,gemini,buy
1609540663,1609540663341,18410751606,29360.00,0.17052241,gemini,sell
1609540662,1609540662707,18410751512,29360.00,0.17052845,gemini,sell
1609540662,1609540662321,18410751441,29360.81,0.00046492,gemini,buy
1609540662,1609540662072,18410751386,29360.00,0.17052845,gemini,sell
1609540661,1609540661543,18410751208,29360.00,0.17052886,gemini,sell
1609540661,1609540661200,18410751079,29360.00,0.03688959,gemini,sell
1609540660,1609540660440,18410750753,29360.00,0.17053739,gemini,sell
1609540660,1609540660351,18410750723,29360.00,0.34106452,gemini,sell
1609540660,1609540660949,18410750942,29360.00,0.17053739,gemini,sell
1609540659,1609540659414,18410750346,29360.00,0.17053225,gemini,sell
1609540659,1609540659926,18410750569,29360.00,0.17053225,gemini,sell
1609540658,1609540658898,18410750185,29360.00,0.17052369,gemini,sell
1609540658,1609540658283,18410749810,29360.00,0.17051511,gemini,sell
1609540657,1609540657664,18410749542,29360.00,0.17051605,gemini,sell
1609540657,1609540657159,18410749292,29360.00,0.17051605,gemini,sell
1609540656,1609540656548,18410748964,29360.00,0.17050738,gemini,sell
1609540655,1609540655978,18410748450,29360.00,0.17049002,gemini,sell
1609540655,1609540655343,18410748026,29360.00,0.17049002,gemini,sell
1609540654,1609540654496,18410747292,29375.00,0.25804302,gemini,sell
1609540653,1609540653972,18410747146,29375.00,0.17043655,gemini,sell
1609540653,1609540653468,18410746963,29375.00,0.17043655,gemini,sell
1609540652,1609540652316,18410746268,29375.00,0.17043551,gemini,sell
1609540652,1609540652498,18410746452,29375.00,0.34087103,gemini,sell
1609540652,1609540652957,18410746637,29375.00,0.17043843,gemini,sell
1609540651,1609540651159,18410745434,29375.00,0.17042979,gemini,sell
1609540651,1609540651706,18410745814,29375.00,0.17043551,gemini,sell
1609540650,1609540650645,18410744956,29375.00,0.17042979,gemini,sell
1609540650,1609540650319,18410744440,29375.00,0.34078833,gemini,sell
1609540650,1609540650315,18410744424,29375.00,0.34084249,gemini,sell
1609540650,1609540650079,18410744215,29375.00,0.17042124,gemini,sell
1609540649,1609540649541,18410743771,29375.00,0.17042124,gemini,sell
1609540649,1609540649037,18410743382,29375.00,0.17039416,gemini,sell
1609540648,1609540648502,18410743024,29375.00,0.34078833,gemini,sell
1609540648,1609540648463,18410742988,29375.00,0.1703855,gemini,sell
1609540648,1609540648401,18410742856,29376.96,0.0000003392,gemini,buy
1609540647,1609540647658,18410742139,29376.97,0.01133852,gemini,buy
1609540647,1609540647943,18410742417,29375.00,0.1703855,gemini,sell
1609540646,1609540646706,18410741447,29381.38,0.00301604,gemini,buy
1609540622,1609540622008,18410733323,29395.26,0.0000339,gemini,buy
1609540619,1609540619352,18410732883,29395.26,0.00479889,gemini,buy
1609540608,1609540608919,18410729405,29395.26,0.00270083,gemini,buy
1609540607,1609540607868,18410729137,29395.26,0.0171875223,gemini,buy
1609540590,1609540590228,18410723165,29392.66,0.02834776,gemini,buy
1609540580,1609540580115,18410720664,29392.66,0.00149882,gemini,buy
1609540580,1609540580115,18410720662,29392.54,0.0001,gemini,buy
1609540552,1609540552273,18410711442,29398.31,0.016671,gemini,buy
1609540538,1609540538858,18410707721,29398.31,0.03334372,gemini,buy
1609540486,1609540486615,18410693162,29396.80,0.00103188,gemini,buy
1609540442,1609540442601,18410682290,29395.21,0.0336801,gemini,buy
1609540432,1609540432309,18410679767,29398.30,0.01609143,gemini,buy
1609540427,1609540427533,18410678422,29398.31,0.16670124,gemini,buy
1609540423,1609540423596,18410677372,29399.86,0.0031659,gemini,buy
1609540410,1609540410114,18410671423,29377.75,0.06370311,gemini,sell
1609540410,1609540410114,18410671425,29377.74,0.01829689,gemini,sell
1609540402,1609540402436,18410667625,29394.21,0.000000339,gemini,buy
1609540368,1609540368425,18410653344,29392.80,0.0021658,gemini,buy
1609540362,1609540362034,18410650601,29392.80,0.00273277,gemini,buy
1609540355,1609540355684,18410645893,29398.63,0.2499384025,gemini,buy
1609540355,1609540355684,18410645891,29398.62,0.34043182,gemini,buy
1609540355,1609540355684,18410645889,29398.61,0.06536233,gemini,buy
1609540355,1609540355684,18410645887,29397.29,0.34044891,gemini,buy
1609540337,1609540337756,18410634564,29372.23,0.08364979,gemini,sell
1609540337,1609540337756,18410634562,29374.83,0.08718437,gemini,sell
1609540265,1609540265015,18410608526,29389.40,0.01146355,gemini,buy
1609540265,1609540265015,18410608524,29381.75,0.0001,gemini,buy
1609540265,1609540265015,18410608522,29375.00,0.0103,gemini,buy
1609540262,1609540262245,18410606839,29374.16,0.00480335,gemini,buy
1609540241,1609540241242,18410597970,29361.57,0.0004549,gemini,buy
1609540241,1609540241242,18410597968,29361.56,0.00001051,gemini,buy
1609540237,1609540237374,18410596469,29361.56,0.04012804,gemini,buy
1609540237,1609540237374,18410596471,29361.57,0.09325032,gemini,buy
1609540229,1609540229811,18410592849,29361.56,0.01669137,gemini,buy
1609540229,1609540229772,18410592829,29361.56,0.0055709,gemini,buy
1609540228,1609540228369,18410592223,29361.56,0.00966459,gemini,buy
1609540222,1609540222381,18410590112,29364.13,0.01701902,gemini,buy
1609540222,1609540222075,18410590056,29364.13,0.00667562,gemini,buy
1609540221,1609540221927,18410589991,29365.00,0.24986619,gemini,sell
1609540220,1609540220885,18410589604,29365.00,0.34080359,gemini,sell
1609540220,1609540220884,18410589598,29365.00,0.34080809,gemini,sell
1609540219,1609540219386,18410589202,29365.00,0.34080437,gemini,sell
1609540219,1609540219385,18410589194,29365.00,0.34080809,gemini,sell
1609540217,1609540217897,18410588708,29365.00,0.34080809,gemini,sell
1609540210,1609540210176,18410586566,29365.00,0.34083774,gemini,sell
1609540205,1609540205173,18410584722,29365.00,0.34084722,gemini,sell
1609540191,1609540191719,18410580636,29365.00,0.27442305,gemini,sell
1609540189,1609540189712,18410580143,29365.00,0.34081999,gemini,sell
1609540188,1609540188716,18410579669,29365.00,1.74917358,gemini,sell
1609540187,1609540187715,18410578872,29370.00,0.05017577,gemini,sell
1609540187,1609540187667,18410578789,29370.00,0.17040032,gemini,sell
1609540177,1609540177461,18410576582,29372.49,0.03400081,gemini,buy
1609540175,1609540175678,18410575986,29381.09,0.0000003391,gemini,buy
1609540161,1609540161914,18410573352,29378.88,0.0168,gemini,buy
1609540156,1609540156018,18410571973,29378.88,0.01562871,gemini,buy
1609540153,1609540153889,18410571416,29378.88,0.0000339193,gemini,buy
1609540152,1609540152533,18410570840,29378.88,0.00182621,gemini,buy
1609540145,1609540145562,18410568726,29378.88,0.01668203,gemini,buy
1609540133,1609540133974,18410563812,29378.88,0.00667247,gemini,buy
1609540120,1609540120706,18410560768,29378.88,0.02001843,gemini,buy
1609540117,1609540117964,18410560325,29378.88,0.0032856,gemini,buy
1609540111,1609540111755,18410558885,29370.01,0.01,gemini,sell
1609540108,1609540108469,18410558514,29378.88,0.01701494,gemini,buy
1609540104,1609540104188,18410557601,29378.88,0.00667247,gemini,buy
1609540093,1609540093422,18410554719,29360.73,0.00996116,gemini,sell
1609540086,1609540086884,18410551521,29381.78,0.00128722,gemini,buy
1609540082,1609540082859,18410550082,29381.78,0.00074866,gemini,buy
1609540068,1609540068084,18410546693,29377.02,0.01334835,gemini,buy
1609540048,1609540048617,18410540909,29360.72,0.70244425,gemini,sell
1609540039,1609540039501,18410537781,29390.00,0.28916406,gemini,sell
1609540039,1609540039499,18410537775,29390.00,0.34076195,gemini,sell
1609540039,1609540039499,18410537770,29390.00,0.42595243,gemini,sell
1609540039,1609540039499,18410537763,29390.00,0.34076195,gemini,sell
1609540039,1609540039495,18410537750,29390.00,0.34076195,gemini,sell
1609540039,1609540039315,18410537647,29390.00,0.17037769,gemini,sell
1609540038,1609540038769,18410537515,29390.00,0.17037582,gemini,sell
1609540038,1609540038159,18410537283,29390.00,0.17038097,gemini,sell
1609540037,1609540037644,18410537071,29390.01,0.08928139,gemini,sell
1609540037,1609540037606,18410537044,29387.24,1.3,gemini,buy
1609540037,1609540037644,18410537073,29390.00,0.08109958,gemini,sell
1609540037,1609540037606,18410537050,29389.66,0.00340256,gemini,buy
1609540037,1609540037647,18410537083,29390.00,0.00469934,gemini,sell
1609540037,1609540037606,18410537042,29386.75,0.34056181,gemini,buy
1609540037,1609540037606,18410537048,29389.39,0.34056663,gemini,buy
1609540037,1609540037606,18410537046,29389.38,0.34056663,gemini,buy
1609540037,1609540037606,18410537040,29385.93,0.34056663,gemini,buy
1609540033,1609540033604,18410536274,29372.89,0.01357543,gemini,sell
1609540032,1609540032577,18410535971,29372.89,0.01357543,gemini,sell
1609540032,1609540032177,18410535899,29372.89,0.01357543,gemini,sell
1609540031,1609540031736,18410535845,29372.89,0.01357543,gemini,sell
1609540031,1609540031322,18410535715,29372.89,0.01357543,gemini,sell
1609540030,1609540030889,18410535599,29372.89,0.01357543,gemini,sell
1609540007,1609540007655,18410525348,29394.00,0.03758441,gemini,sell
1609540007,1609540007067,18410525139,29394.00,0.17031442,gemini,sell
1609540006,1609540006934,18410525037,29386.88,1.0238,gemini,buy
1609540006,1609540006934,18410525035,29384.77,0.42583556,gemini,buy
1609540006,1609540006934,18410525041,29393.41,1.98969181,gemini,buy
1609540006,1609540006934,18410525039,29391.56,0.0001,gemini,buy
1609540006,1609540006934,18410525027,29378.38,0.33066845,gemini,buy
1609540006,1609540006934,18410525031,29378.40,0.34066845,gemini,buy
1609540006,1609540006934,18410525029,29378.39,0.34066845,gemini,buy
1609540006,1609540006934,18410525033,29378.41,0.34066845,gemini,buy
1609540004,1609540004892,18410524227,29372.89,0.03589183,gemini,sell
1609540004,1609540004892,18410524225,29376.29,0.05,gemini,sell
1609540004,1609540004312,18410523805,29379.81,0.01,gemini,sell
1609539996,1609539996402,18410520531,29389.66,0.00046523,gemini,buy
1609539993,1609539993925,18410519994,29389.66,0.016953449,gemini,buy
1609539980,1609539980065,18410515943,29389.66,0.01334073,gemini,buy
1609539972,1609539972326,18410513074,29389.66,0.01,gemini,buy
1609539962,1609539962060,18410509403,29393.41,0.01017243,gemini,buy
1609539961,1609539961142,18410509082,29393.41,0.00013576,gemini,buy
1609539954,1609539954183,18410507034,29389.72,0.00103258,gemini,buy
1609539941,1609539941370,18410502936,29376.29,0.07,gemini,buy
1609539941,1609539941370,18410502938,29387.47,0.03006294,gemini,buy
1609539940,1609539940131,18410502651,29376.29,0.05,gemini,sell
1609539937,1609539937718,18410502016,29387.47,0.00942936,gemini,buy
1609539915,1609539915348,18410493850,29379.81,0.00097414,gemini,buy
1609539912,1609539912097,18410492642,29379.81,0.0000003391,gemini,buy
1609539904,1609539904059,18410489236,29376.29,0.00079632,gemini,buy
1609539891,1609539891029,18410483558,29376.29,0.00050707,gemini,buy
1609539891,1609539891029,18410483556,29367.36,0.0001,gemini,buy
1609539882,1609539882249,18410481293,29376.34,0.21528309,gemini,buy
1609539874,1609539874494,18410478865,29376.34,0.18783356,gemini,buy
1609539860,1609539860158,18410474504,29376.34,0.00128746,gemini,buy
1609539859,1609539859591,18410474348,29376.34,0.01702321,gemini,buy
1609539834,1609539834670,18410465323,29376.34,0.00103274,gemini,buy
1609539831,1609539831909,18410464517,29376.34,0.13010927,gemini,buy
1609539830,1609539830713,18410464144,29376.34,0.00328588,gemini,buy
1609539823,1609539823526,18410462588,29377.33,1.444626,gemini,buy
1609539806,1609539806173,18410456878,29377.41,0.00254028,gemini,buy
1609539799,1609539799083,18410454685,29373.57,0.01418331,gemini,buy
1609539795,1609539795475,18410453466,29371.67,0.00514998,gemini,buy
1609539779,1609539779120,18410448377,29369.74,0.0006271,gemini,buy
1609539774,1609539774552,18410446744,29369.74,0.00210085,gemini,buy
1609539772,1609539772604,18410446338,29369.74,0.0007965,gemini,buy
1609539772,1609539772401,18410446288,29369.74,0.03337445,gemini,buy
1609539767,1609539767916,18410445306,29369.74,0.00273454,gemini,buy
1609539765,1609539765639,18410444464,29369.74,0.00016973,gemini,buy
1609539765,1609539765381,18410444405,29369.74,0.00670587,gemini,buy
1609539754,1609539754005,18410440576,29369.74,0.00060794,gemini,buy
1609539746,1609539746097,18410438003,29377.25,0.01668295,gemini,buy
1609539729,1609539729716,18410432648,29377.25,0.00128742,gemini,buy
1609539719,1609539719350,18410428127,29350.78,0.00062755,gemini,buy
1609539717,1609539717239,18410427221,29348.80,0.00273856,gemini,buy
1609539707,1609539707625,18410423963,29348.80,0.00767025,gemini,buy
1609539690,1609539690006,18410417707,29339.41,0.12627767,gemini,buy
1609539683,1609539683937,18410416104,29336.16,0.0067161,gemini,buy
1609539681,1609539681841,18410415654,29336.16,0.0000003396,gemini,buy
1609539672,1609539672659,18410412479,29334.10,0.00668265,gemini,buy
1609539671,1609539671930,18410412298,29334.10,0.00079746,gemini,buy
1609539663,1609539663934,18410409753,29334.10,0.01419841,gemini,buy
1609539655,1609539655975,18410406379,29334.10,0.00273745,gemini,buy
1609539649,1609539649114,18410404530,29334.10,0.00498663,gemini,buy
1609539647,1609539647148,18410403873,29334.10,0.00273745,gemini,buy
1609539645,1609539645959,18410403615,29334.10,0.00329061,gemini,buy
1609539642,1609539642373,18410402522,29334.10,0.01022286,gemini,buy
1609539637,1609539637113,18410401501,29334.10,0.00216952,gemini,buy
1609539634,1609539634287,18410400547,29334.10,0.00062786,gemini,buy
1609539629,1609539629243,18410398691,29334.10,0.00677786,gemini,buy
1609539627,1609539627392,18410398141,29334.10,0.00126056,gemini,buy
1609539617,1609539617497,18410394030,29334.10,0.0002953,gemini,buy
1609539617,1609539617497,18410394028,29334.09,0.00001032,gemini,buy
1609539614,1609539614022,18410392327,29337.62,0.14105317,gemini,buy
1609539614,1609539614022,18410392325,29335.63,0.34106972,gemini,buy
1609539614,1609539614022,18410392323,29335.62,0.00005218,gemini,buy
1609539608,1609539608897,18410389793,29346.01,0.01670071,gemini,buy
1609539606,1609539606978,18410388552,29346.01,0.06998769,gemini,buy
1609539606,1609539606978,18410388550,29346.00,0.00001231,gemini,buy
1609539605,1609539605787,18410387883,29350.91,0.00030544,gemini,buy
1609539604,1609539604104,18410387200,29350.91,0.01419151,gemini,buy
1609539603,1609539603282,18410386926,29350.91,0.00246379,gemini,buy
1609539602,1609539602005,18410386430,29350.91,0.06679171,gemini,buy
1609539600,1609539600646,18410385764,29350.91,0.00629211,gemini,buy
1609539595,1609539595654,18410382432,29351.15,0.00002324,gemini,buy
1609539595,1609539595654,18410382434,29351.16,0.00508522,gemini,buy
1609539585,1609539585422,18410376873,29351.16,0.00112397,gemini,buy
1609539585,1609539585400,18410376856,29351.16,0.02,gemini,buy
1609539581,1609539581967,18410375330,29350.20,1.41,gemini,buy
1609539575,1609539575700,18410371277,29350.00,0.0005,gemini,sell
1609539573,1609539573489,18410370129,29360.28,0.02709704,gemini,buy
1609539573,1609539573489,18410370127,29360.27,0.00294963,gemini,buy
1609539566,1609539566851,18410367888,29360.27,0.00013589,gemini,buy
1609539557,1609539557480,18410363832,29360.28,0.02336963,gemini,buy
1609539556,1609539556334,18410363545,29360.28,0.02044293,gemini,buy
1609539553,1609539553402,18410362254,29360.28,0.00016984,gemini,buy
1609539552,1609539552509,18410361960,29360.28,0.00128423,gemini,buy
1609539551,1609539551438,18410361421,29360.28,0.00273709,gemini,buy
1609539550,1609539550139,18410360825,29360.28,0.00162706,gemini,buy
1609539548,1609539548322,18410360247,29361.74,0.06525895,gemini,buy
1609539548,1609539548322,18410360245,29360.05,0.00075056,gemini,buy
1609539548,1609539548322,18410360243,29350.00,0.52399049,gemini,buy
1609539546,1609539546905,18410359709,29340.08,0.00310017,gemini,sell
1609539534,1609539534210,18410353414,29350.00,0.0784844,gemini,buy
1609539530,1609539530988,18410352202,29336.71,0.0007683,gemini,sell
1609539526,1609539526416,18410350781,29350.00,0.00162763,gemini,buy
1609539525,1609539525001,18410350423,29350.00,0.00667904,gemini,buy
1609539523,1609539523841,18410349770,29350.00,0.01,gemini,buy
1609539520,1609539520610,18410348686,29350.00,0.00498393,gemini,buy
1609539519,1609539519050,18410348221,29350.00,0.00079703,gemini,buy
1609539508,1609539508070,18410345072,29346.35,0.01,gemini,buy
1609539505,1609539505146,18410344012,29344.88,0.00328941,gemini,buy
1609539504,1609539504712,18410343864,29344.88,0.01335933,gemini,buy
1609539504,1609539504836,18410343891,29344.88,0.01988225,gemini,buy
1609539503,1609539503342,18410343129,29344.88,0.00461065,gemini,buy
1609539503,1609539503342,18410343127,29344.87,0.00206955,gemini,buy
1609539498,1609539498037,18410340390,29344.87,0.00079717,gemini,buy
1609539497,1609539497218,18410339807,29344.87,0.00345895,gemini,buy
1609539494,1609539494703,18410337945,29347.84,0.10641564,gemini,sell
1609539488,1609539488424,18410335030,29350.00,0.00074985,gemini,buy
1609539486,1609539486707,18410334235,29350.00,0.02,gemini,buy
1609539486,1609539486452,18410334074,29350.00,0.99999958,gemini,buy
1609539483,1609539483523,18410332674,29350.00,0.00010204,gemini,buy
1609539482,1609539482300,18410332294,29350.00,0.00046581,gemini,buy
1609539480,1609539480889,18410331661,29350.00,0.00667904,gemini,buy
1609539475,1609539475141,18410330242,29349.98,0.00131791,gemini,buy
1609539474,1609539474262,18410329985,29349.98,0.00273807,gemini,buy
1609539473,1609539473812,18410329953,29349.98,0.00413639,gemini,buy
1609539468,1609539468676,18410327871,29350.00,0.00162763,gemini,buy
1609539456,1609539456008,18410322732,29349.30,0.00062754,gemini,buy
1609539454,1609539454551,18410322173,29346.29,0.00328925,gemini,buy
1609539453,1609539453845,18410321902,29343.88,0.34097021,gemini,buy
1609539453,1609539453845,18410321900,29343.87,0.31910781,gemini,buy
1609539453,1609539453845,18410321898,29341.85,0.34096146,gemini,buy
1609539449,1609539449419,18410320833,29340.59,0.00062772,gemini,buy
1609539446,1609539446462,18410320030,29343.87,0.01670193,gemini,buy
1609539446,1609539446183,18410319910,29343.87,0.0007972,gemini,buy
1609539443,1609539443342,18410319181,29343.87,0.00162797,gemini,buy
1609539437,1609539437627,18410316619,29343.87,0.00273852,gemini,buy
1609539426,1609539426759,18410312929,29339.41,0.00081631,gemini,buy
1609539426,1609539426508,18410312744,29339.41,0.01080636,gemini,buy
1609539422,1609539422024,18410311130,29339.41,0.01002433,gemini,buy
1609539421,1609539421574,18410310764,29339.41,0.00003396,gemini,buy
1609539420,1609539420684,18410310378,29339.41,0.00566467,gemini,buy
1609539412,1609539412464,18410307294,29319.01,0.00641729,gemini,sell
1609539412,1609539412887,18410307542,29336.04,0.0000003396,gemini,buy
1609539411,1609539411114,18410306740,29336.04,0.01612414,gemini,buy
1609539405,1609539405089,18410305786,29334.58,0.00079745,gemini,buy
1609539391,1609539391298,18410301591,29334.58,0.00668255,gemini,buy
1609539388,1609539388967,18410301066,29334.58,0.00955952,gemini,buy
1609539380,1609539380233,18410298435,29334.58,0.00162849,gemini,buy
1609539379,1609539379976,18410298365,29334.58,0.00835344,gemini,buy
1609539359,1609539359807,18410288381,29334.58,0.00131856,gemini,buy
1609539350,1609539350200,18410285365,29334.91,0.00069568,gemini,buy
1609539350,1609539350874,18410285516,29334.91,0.00095008,gemini,buy
1609539347,1609539347473,18410284011,29334.91,0.23705492,gemini,buy
1609539345,1609539345777,18410282989,29332.87,0.02005259,gemini,buy
1609539326,1609539326887,18410271669,29328.84,0.00062797,gemini,buy
1609539322,1609539322553,18410269516,29329.05,0.00131957,gemini,buy
1609539321,1609539321656,18410268895,29325.03,0.55725509,gemini,buy
1609539321,1609539321820,18410269093,29325.03,0.1189356916,gemini,buy
1609539321,1609539321788,18410269037,29325.03,0.00079771,gemini,buy
1609539321,1609539321722,18410268947,29325.03,0.00869072,gemini,buy
1609539321,1609539321656,18410268893,29325.02,0.05929192,gemini,buy
1609539317,1609539317844,18410266336,29325.02,0.0084293,gemini,buy
1609539311,1609539311215,18410261697,29325.03,0.00329163,gemini,buy
1609539304,1609539304725,18410257170,29325.03,0.00030571,gemini,buy
1609539299,1609539299817,18410254404,29309.01,0.96578424,gemini,sell
1609539299,1609539299817,18410254402,29309.02,0.03421576,gemini,sell
1609539296,1609539296066,18410253621,29325.03,0.00062806,gemini,buy
1609539295,1609539295947,18410253598,29325.03,0.00339309,gemini,buy
1609539291,1609539291722,18410252775,29325.02,0.00062806,gemini,buy
1609539273,1609539273600,18410246808,29324.81,0.34117684,gemini,buy
1609539273,1609539273600,18410246806,29324.80,0.51,gemini,buy
1609539273,1609539273600,18410246804,29302.54,0.18197605,gemini,buy
1609539273,1609539273600,18410246810,29325.89,0.09751712,gemini,buy
1609539270,1609539270025,18410245695,29302.54,0.00062854,gemini,buy
1609539261,1609539261263,18410243250,29302.54,0.00329416,gemini,buy
1609539260,1609539260962,18410243191,29302.54,0.00460067,gemini,buy
1609539259,1609539259659,18410242846,29302.54,0.01672549,gemini,buy
1609539258,1609539258954,18410242727,29302.54,0.00357668,gemini,buy
1609539256,1609539256952,18410241950,29302.54,0.00420198,gemini,buy
1609539252,1609539252981,18410241228,29302.54,0.01003529,gemini,buy
1609539251,1609539251090,18410240802,29302.54,0.0041628,gemini,buy
1609539251,1609539251908,18410241006,29302.54,0.00079832,gemini,buy
1609539249,1609539249950,18410240603,29302.54,0.01000001,gemini,buy
1609539246,1609539246574,18410239676,29302.54,0.01000001,gemini,buy
1609539238,1609539238997,18410237002,29318.03,0.00265019,gemini,buy
1609539222,1609539222125,18410230933,29306.68,0.00641729,gemini,buy
1609539219,1609539219959,18410230119,29306.68,0.00013614,gemini,buy
1609539210,1609539210771,18410227411,29302.54,0.00668985,gemini,buy
1609539202,1609539202194,18410224099,29305.76,0.0032938,gemini,buy
1609539200,1609539200537,18410223893,29305.76,0.0031753,gemini,buy
1609539189,1609539189675,18410221291,29307.22,0.00000034,gemini,buy
1609539184,1609539184158,18410219236,29303.86,0.00329401,gemini,buy
1609539163,1609539163621,18410213517,29308.13,0.00162996,gemini,buy
1609539151,1609539151791,18410209378,29308.29,0.00329351,gemini,buy
1609539150,1609539150194,18410208994,29308.29,0.002031,gemini,buy
1609539142,1609539142209,18410205961,29308.29,0.00414227,gemini,buy
1609539140,1609539140260,18410205448,29308.29,0.00157053,gemini,buy
1609539131,1609539131669,18410202391,29287.18,0.00670227,gemini,sell
1609539127,1609539127111,18410201403,29307.48,0.00013614,gemini,buy
1609539126,1609539126109,18410201164,29307.48,0.00162999,gemini,buy
1609539124,1609539124046,18410200696,29307.48,0.00135838,gemini,buy
1609539121,1609539121361,18410199907,29308.29,0.00329351,gemini,buy
1609539121,1609539121180,18410199841,29308.29,0.03344544,gemini,buy
1609539116,1609539116386,18410198431,29307.40,0.00043505,gemini,buy
1609539109,1609539109363,18410196142,29309.75,0.00668821,gemini,buy
1609539103,1609539103708,18410194776,29300.94,0.00163036,gemini,buy
1609539097,1609539097118,18410192877,29302.40,0.00163028,gemini,buy
1609539095,1609539095132,18410192465,29302.40,0.00329417,gemini,buy
1609539078,1609539078781,18410187584,29300.36,0.03345347,gemini,buy
1609539071,1609539071011,18410185759,29295.90,0.00329491,gemini,buy
1609539070,1609539070123,18410185500,29295.90,0.00836447,gemini,buy
1609539067,1609539067099,18410184747,29295.90,0.01672928,gemini,buy
1609539056,1609539056336,18410180881,29272.95,0.09825591,gemini,sell
1609539056,1609539056336,18410180885,29270.76,0.04080516,gemini,sell
1609539056,1609539056336,18410180883,29272.94,0.2135,gemini,sell
1609539052,1609539052068,18410179574,29277.44,0.0000030397,gemini,buy
1609539052,1609539052068,18410179576,29293.90,0.0334766203,gemini,buy
1609539050,1609539050874,18410179155,29277.44,0.05,gemini,buy
1609539050,1609539050868,18410179122,29277.44,0.1,gemini,buy
1609539050,1609539050875,18410179161,29277.44,0.09075,gemini,buy
1609539050,1609539050867,18410179101,29277.44,0.0548,gemini,buy
1609539050,1609539050874,18410179149,29277.44,0.15,gemini,buy
1609539050,1609539050868,18410179116,29277.44,0.05,gemini,buy
1609539050,1609539050867,18410179107,29277.44,0.05,gemini,buy
1609539050,1609539050868,18410179128,29277.44,0.05,gemini,buy
1609539050,1609539050867,18410179095,29277.44,0.05,gemini,buy
1609539050,1609539050869,18410179143,29277.44,0.05,gemini,buy
1609539050,1609539050869,18410179134,29277.44,0.05,gemini,buy
1609539050,1609539050876,18410179167,29277.44,0.05,gemini,buy
1609539049,1609539049479,18410178724,29277.44,0.00329698,gemini,buy
1609539040,1609539040318,18410175653,29277.44,0.00870484,gemini,buy
1609539031,1609539031543,18410173376,29277.44,0.10043899,gemini,buy
1609539027,1609539027167,18410171219,29277.44,0.00317837,gemini,buy
1609539023,1609539023718,18410169955,29277.44,0.00399646,gemini,buy
1609539019,1609539019917,18410168875,29277.44,0.00483207,gemini,buy
1609539013,1609539013984,18410167171,29277.44,0.00669679,gemini,buy
1609538991,1609538991655,18410159772,29275.98,0.01707886,gemini,buy
1609538985,1609538985675,18410157171,29275.98,0.00786766,gemini,buy
1609538982,1609538982934,18410156052,29275.98,0.00076948,gemini,buy
1609538975,1609538975775,18410153993,29275.98,0.00163175,gemini,buy
1609538968,1609538968079,18410152085,29272.91,0.08228317,gemini,buy
1609538968,1609538968079,18410152087,29274.55,0.08512352,gemini,buy
1609538967,1609538967562,18410151933,29272.91,0.00499654,gemini,buy
1609538952,1609538952522,18410145949,29275.98,0.00351938,gemini,buy
1609538947,1609538947799,18410144392,29275.98,0.00329715,gemini,buy
1609538944,1609538944058,18410142578,29275.98,0.00329715,gemini,buy
1609538942,1609538942021,18410141441,29277.44,0.00046699,gemini,buy
1609538920,1609538920837,18410131501,29277.44,0.01673983,gemini,buy
1609538919,1609538919199,18410130818,29277.44,0.00244733,gemini,buy
1609538918,1609538918315,18410130444,29277.44,0.00163167,gemini,buy
1609538918,1609538918105,18410130338,29277.44,0.0000003403,gemini,buy
1609538912,1609538912098,18410127377,29275.98,0.00329715,gemini,buy
1609538898,1609538898950,18410122426,29275.98,0.00254908,gemini,buy
1609538881,1609538881610,18410112378,29260.83,0.00325818,gemini,sell
1609538879,1609538879677,18410111911,29277.44,0.00924047,gemini,buy
1609538873,1609538873834,18410110655,29277.43,0.00030621,gemini,buy
1609538870,1609538870552,18410109715,29277.43,0.01673983,gemini,buy
1609538861,1609538861809,18410106492,29277.43,0.03132368,gemini,buy
1609538845,1609538845159,18410101410,29270.86,0.01615561,gemini,buy
1609538842,1609538842572,18410100126,29275.97,0.00062911,gemini,buy
1609538842,1609538842289,18410099970,29275.97,0.00853899,gemini,buy
1609538841,1609538841722,18410099673,29275.97,0.00536677,gemini,buy
1609538838,1609538838329,18410098797,29277.43,0.00086698,gemini,buy
1609538833,1609538833744,18410097617,29277.44,0.01708564,gemini,buy
1609538830,1609538830500,18410096970,29277.44,0.00317837,gemini,buy
1609538830,1609538830570,18410096988,29263.14,0.2,gemini,sell
1609538828,1609538828360,18410096336,29277.44,0.00567813,gemini,buy
1609538825,1609538825615,18410095599,29277.44,0.00568491,gemini,buy
1609538821,1609538821859,18410094228,29277.44,0.01114878,gemini,buy
1609538806,1609538806765,18410087937,29254.14,0.34176603,gemini,sell
1609538806,1609538806765,18410087939,29253.19,0.20676186,gemini,sell
1609538806,1609538806765,18410087933,29255.15,0.10970824,gemini,sell
1609538806,1609538806765,18410087935,29255.14,0.34176387,gemini,sell
1609538800,1609538800171,18410086562,29274.49,0.00169981,gemini,buy
1609538799,1609538799883,18410086515,29274.49,0.00339928,gemini,buy
1609538793,1609538793590,18410084295,29275.44,0.00837031,gemini,buy
1609538790,1609538790434,18410083117,29268.20,0.00029441,gemini,buy
1609538764,1609538764672,18410075660,29268.20,0.03349022,gemini,buy
1609538764,1609538764120,18410075555,29268.20,0.00329802,gemini,buy
1609538762,1609538762606,18410074925,29268.20,0.01707794,gemini,buy
1609538749,1609538749697,18410070117,29251.52,0.03555565,gemini,sell
1609538749,1609538749926,18410070181,29262.08,0.0170866197,gemini,buy
1609538745,1609538745877,18410068816,29262.08,0.00117838,gemini,buy
1609538736,1609538736483,18410065613,29273.04,0.03347956,gemini,buy
1609538717,1609538717278,18410060786,29277.53,0.01878573,gemini,buy
1609538713,1609538713132,18410059746,29277.53,0.16739781,gemini,buy
1609538707,1609538707576,18410058397,29277.44,0.00283103,gemini,buy
1609538700,1609538700025,18410055523,29275.60,0.06696354,gemini,buy
1609538687,1609538687473,18410051255,29278.47,0.0000003403,gemini,buy
1609538684,1609538684798,18410050197,29278.14,0.07058036,gemini,buy
1609538684,1609538684798,18410050199,29278.15,0.07168629,gemini,buy
1609538677,1609538677097,18410047581,29278.47,0.06698004,gemini,buy
1609538662,1609538662072,18410041143,29268.38,0.013396,gemini,buy
1609538635,1609538635245,18410020150,29250.55,0.04837129,gemini,buy
1609538635,1609538635245,18410020148,29250.54,0.11914722,gemini,buy
1609538630,1609538630069,18410015550,29250.54,0.00387733,gemini,buy
1609538629,1609538629278,18410014976,29243.83,0.0001,gemini,sell
1609538629,1609538629278,18410014978,29234.32,0.00409085,gemini,sell
1609538613,1609538613370,18410000919,29241.05,0.03352132,gemini,buy
1609538612,1609538612819,18410000265,29241.05,0.00531633,gemini,buy
1609538606,1609538606675,18409994571,29241.05,0.00274943,gemini,buy
1609538604,1609538604960,18409993853,29227.75,0.01432326,gemini,sell
1609538604,1609538604908,18409993824,29227.75,0.01893127,gemini,sell
1609538604,1609538604945,18409993843,29227.75,0.01780862,gemini,sell
1609538603,1609538603894,18409993476,29241.05,0.00160859,gemini,buy
1609538576,1609538576606,18409976894,29238.20,0.00274943,gemini,buy
1609538548,1609538548442,18409954256,29223.89,0.02401255,gemini,buy
1609538536,1609538536167,18409942693,29218.12,0.00852125,gemini,buy
1609538501,1609538501442,18409917552,29228.52,0.00079081,gemini,buy
1609538490,1609538490034,18409909727,29207.00,0.00017119,gemini,sell
1609538490,1609538490034,18409909731,29204.32,0.3422826,gemini,sell
1609538490,1609538490034,18409909733,29201.36,0.06577943,gemini,sell
1609538490,1609538490034,18409909729,29205.70,0.09973436,gemini,sell
1609538480,1609538480330,18409903709,29232.89,0.00046724,gemini,buy
1609538475,1609538475400,18409901273,29207.00,0.01,gemini,sell
1609538468,1609538468627,18409896349,29202.61,0.0424996588,gemini,buy
1609538468,1609538468627,18409896351,29221.58,0.0302404312,gemini,buy
1609538463,1609538463532,18409894898,29202.61,0.0000003412,gemini,buy
1609538463,1609538463046,18409894589,29185.34,0.03496629,gemini,sell
1609538463,1609538463046,18409894587,29185.35,0.07047892,gemini,sell
1609538463,1609538463046,18409894585,29200.00,0.03455479,gemini,sell
1609538421,1609538421379,18409873524,29248.23,0.00670227,gemini,buy
1609538414,1609538414816,18409870428,29248.24,0.00120059,gemini,buy
1609538406,1609538406158,18409867040,29252.62,0.00329978,gemini,buy
1609538403,1609538403546,18409865891,29252.62,0.00132188,gemini,buy
1609538400,1609538400478,18409864980,29252.62,0.14814215,gemini,buy
1609538395,1609538395062,18409863140,29252.62,0.00132188,gemini,buy
1609538385,1609538385758,18409860373,29252.62,0.00701966,gemini,buy
1609538385,1609538385651,18409860222,29252.62,0.00261895,gemini,buy
1609538352,1609538352495,18409850386,29249.69,0.00226046,gemini,buy
1609538350,1609538350566,18409849635,29244.87,0.001436,gemini,sell
1609538331,1609538331729,18409840026,29272.74,0.00329751,gemini,buy
1609538326,1609538326282,18409837936,29272.74,0.0150681,gemini,buy
1609538323,1609538323936,18409837072,29272.74,0.11748876,gemini,buy
1609538323,1609538323936,18409837070,29272.73,0.04989819,gemini,buy
1609538318,1609538318805,18409834606,29276.42,0.00843484,gemini,buy
1609538316,1609538316475,18409834172,29261.81,0.01932,gemini,sell
1609538276,1609538276632,18409821524,29271.10,0.03609361,gemini,sell
1609538276,1609538276632,18409821526,29271.09,0.13790639,gemini,sell
1609538271,1609538271618,18409819334,29294.14,0.03346057,gemini,buy
1609538263,1609538263838,18409817148,29294.14,0.00558824,gemini,buy
1609538257,1609538257570,18409814519,29282.08,0.2963,gemini,sell
1609538257,1609538257570,18409814521,29281.98,2,gemini,sell
1609538257,1609538257570,18409814523,29276.86,0.34144052,gemini,sell
1609538257,1609538257570,18409814525,29275.90,0.63253819,gemini,sell
1609538257,1609538257570,18409814517,29282.09,0.03334651,gemini,sell
1609538238,1609538238235,18409805564,29292.10,0.00075155,gemini,buy
1609538235,1609538235424,18409803390,29289.00,0.00163109,gemini,buy
1609538234,1609538234669,18409802961,29287.70,0.00499454,gemini,buy
1609538222,1609538222144,18409799397,29290.58,0.00003402,gemini,buy
1609538211,1609538211562,18409795866,29290.58,0.0000003402,gemini,buy
1609538200,1609538200186,18409790911,29280.55,0.02228325,gemini,buy
1609538195,1609538195970,18409789395,29268.94,0.05468515,gemini,sell
1609538195,1609538195970,18409789399,29267.34,0.45390948,gemini,sell
1609538195,1609538195970,18409789397,29267.37,0.75,gemini,sell
1609538185,1609538185275,18409784352,29294.43,0.00681897,gemini,buy
1609538181,1609538181174,18409782906,29292.27,0.06875027,gemini,buy
1609538181,1609538181174,18409782902,29290.87,0.34164303,gemini,buy
1609538181,1609538181174,18409782908,29292.49,0.23562647,gemini,buy
1609538181,1609538181174,18409782904,29292.26,0.0566973,gemini,buy
1609538174,1609538174697,18409779177,29273.00,0.00157241,gemini,buy
1609538149,1609538149390,18409768149,29279.27,0.00203198,gemini,buy
1609538126,1609538126798,18409757945,29286.19,0.00146227,gemini,buy
1609538120,1609538120444,18409755135,29286.19,0.00501839,gemini,buy
1609538117,1609538117282,18409754176,29284.63,0.00843226,gemini,buy
1609538109,1609538109657,18409748398,29281.81,0.0334707,gemini,buy
1609538085,1609538085014,18409732116,29283.81,0.02008185,gemini,buy
1609538067,1609538067516,18409726550,29266.72,0.01036127,gemini,sell
1609538067,1609538067516,18409726548,29278.71,0.0001,gemini,sell
1609538067,1609538067516,18409726552,29263.62,0.08419553,gemini,sell
1609538060,1609538060035,18409724051,29281.64,0.01423319,gemini,buy
1609538056,1609538056966,18409722790,29281.64,0.00809584,gemini,buy
1609538040,1609538040979,18409715249,29290.80,0.00099144,gemini,buy
1609538040,1609538040979,18409715251,29292.27,0.00175272,gemini,buy
1609538038,1609538038854,18409713835,29272.89,0.04305185,gemini,buy
1609538038,1609538038854,18409713837,29287.64,0.01333762,gemini,buy
1609538038,1609538038854,18409713839,29288.77,0.1109505,gemini,buy
1609538005,1609538005263,18409697855,29268.57,0.00013632,gemini,buy
1609538003,1609538003178,18409696856,29268.57,0.00132079,gemini,buy
1609537988,1609537988293,18409689032,29274.29,0.0000003404,gemini,buy
1609537961,1609537961338,18409673640,29272.89,0.00022102,gemini,buy
1609537956,1609537956776,18409672100,29255.45,0.14040827,gemini,sell
1609537956,1609537956776,18409672098,29255.46,0.02959173,gemini,sell
1609537944,1609537944689,18409667219,29275.80,0.00095196,gemini,buy
1609537937,1609537937467,18409662411,29277.04,0.00075119,gemini,buy
1609537928,1609537928183,18409656299,29290.80,0.0001,gemini,sell
1609537899,1609537899045,18409642316,29292.27,0.02007762,gemini,buy
1609537889,1609537889895,18409638224,29292.27,0.0066922,gemini,buy
1609537866,1609537866224,18409628276,29287.20,0.00163113,gemini,buy
1609537850,1609537850353,18409619221,29293.73,0.00510061,gemini,buy
1609537848,1609537848665,18409618369,29287.00,0.01673436,gemini,buy
1609537840,1609537840564,18409613588,29289.74,0.3203,gemini,buy
1609537840,1609537840564,18409613590,29289.84,0.51666291,gemini,buy
1609537837,1609537837692,18409611470,29289.83,0.0283672,gemini,buy
1609537837,1609537837692,18409611472,29289.84,0.00522816,gemini,buy
1609537811,1609537811740,18409596926,29278.43,0.00176684,gemini,buy
1609537785,1609537785256,18409582236,29260.08,0.10213749,gemini,buy
1609537769,1609537769063,18409576546,29259.20,0.01674862,gemini,buy
1609537765,1609537765085,18409575460,29259.20,0.0000003405,gemini,buy
1609537761,1609537761061,18409574436,29262.06,0.00701735,gemini,buy
1609537749,1609537749612,18409570437,29269.92,0.00046706,gemini,buy
1609537744,1609537744984,18409569362,29268.56,0.00274542,gemini,buy
1609537733,1609537733694,18409563897,29285.59,0.16737313,gemini,buy
1609537712,1609537712745,18409555216,29274.80,0.0020036,gemini,buy
1609537701,1609537701171,18409550439,29244.88,0.00645781,gemini,sell
1609537683,1609537683544,18409538043,29229.82,0.04,gemini,sell
1609537683,1609537683599,18409538118,29226.30,0.14,gemini,sell
1609537679,1609537679644,18409535577,29260.68,0.00329839,gemini,buy
1609537679,1609537679561,18409535519,29250.00,0.00746382,gemini,sell
1609537678,1609537678462,18409534540,29252.89,0.00002793,gemini,sell
1609537678,1609537678462,18409534542,29250.00,0.08997207,gemini,sell
1609537629,1609537629293,18409514427,29280.64,0.00163149,gemini,buy
1609537595,1609537595005,18409498994,29282.28,0.01673706,gemini,buy
1609537592,1609537592994,18409498286,29282.28,0.00160347,gemini,buy
1609537579,1609537579875,18409491479,29265.03,0.00068002,gemini,sell
1609537567,1609537567680,18409484219,29275.26,0.00424749,gemini,buy
1609537560,1609537560200,18409480375,29273.83,0.00139877,gemini,buy
1609537542,1609537542099,18409468557,29298.16,0.0000003401,gemini,buy
1609537541,1609537541576,18409468226,29298.16,0.00071644,gemini,buy
1609537527,1609537527160,18409457363,29301.75,0.00046597,gemini,buy
1609537516,1609537516697,18409448306,29293.72,0.00123,gemini,sell
1609537513,1609537513707,18409444701,29300.00,0.16,gemini,sell
1609537513,1609537513774,18409444874,29300.00,0.0025578,gemini,sell
1609537512,1609537512212,18409443629,29308.45,0.0006800169,gemini,buy
1609537510,1609537510906,18409442943,29300.00,0.00813185,gemini,sell
1609537484,1609537484018,18409427959,29321.92,0.0161357,gemini,buy
1609537458,1609537458324,18409414931,29337.70,0.01477103,gemini,buy
1609537431,1609537431085,18409400191,29311.54,0.00315178,gemini,buy
1609537429,1609537429573,18409399443,29315.95,0.00325818,gemini,buy
1609537428,1609537428105,18409398491,29320.70,0.01136233,gemini,buy
1609537423,1609537423958,18409396035,29331.08,0.0001,gemini,sell
1609537400,1609537400172,18409384493,29334.01,0.0170447216,gemini,buy
1609537395,1609537395095,18409382672,29334.09,0.00162831,gemini,buy
1609537393,1609537393678,18409382183,29336.69,0.00157571,gemini,buy
1609537382,1609537382531,18409378470,29337.70,0.00262461,gemini,buy
1609537372,1609537372783,18409374528,29337.70,0.02004653,gemini,buy
1609537349,1609537349720,18409362386,29337.70,0.00189099,gemini,buy
1609537347,1609537347791,18409361578,29337.70,0.00288166,gemini,buy
1609537346,1609537346082,18409361004,29337.70,0.00157582,gemini,buy
1609537341,1609537341551,18409357740,29337.70,0.00668184,gemini,buy
1609537334,1609537334999,18409354725,29337.70,0.01696793,gemini,buy
1609537324,1609537324185,18409345502,29333.20,0.03342287,gemini,buy
1609537324,1609537324677,18409345771,29333.20,0.00062791,gemini,buy
1609537323,1609537323312,18409345356,29333.20,0.00016658,gemini,buy
1609537317,1609537317254,18409343496,29332.04,0.0000003397,gemini,buy
1609537290,1609537290201,18409335697,29330.39,0.00217061,gemini,buy
1609537251,1609537251820,18409315751,29337.70,0.01079623,gemini,buy
1609537211,1609537211433,18409296284,29331.22,0.00062795,gemini,buy
1609537210,1609537210226,18409295578,29329.89,0.06680983,gemini,buy
1609537199,1609537199638,18409290710,29342.95,0.00046562,gemini,buy
1609537199,1609537199610,18409290699,29342.95,0.00413738,gemini,buy
1609537170,1609537170259,18409273464,29346.61,0.02004044,gemini,buy
1609537166,1609537166090,18409271970,29346.61,0.0068931974,gemini,buy
1609537159,1609537159477,18409270086,29348.37,0.00667871,gemini,buy
1609537152,1609537152439,18409267387,29351.44,0.00249901,gemini,buy
1609537145,1609537145215,18409265264,29348.72,0.0066753,gemini,buy
1609537127,1609537127507,18409255302,29366.41,0.0006949,gemini,buy
1609537124,1609537124803,18409254926,29367.87,0.0339320559,gemini,buy
1609537122,1609537122671,18409254148,29367.87,0.04006109,gemini,buy
1609537093,1609537093770,18409237722,29380.37,0.0050058,gemini,buy
1609537090,1609537090472,18409236667,29379.10,0.0000003391,gemini,buy
1609537088,1609537088668,18409236091,29361.02,0.06422644,gemini,sell
1609537088,1609537088668,18409236093,29360.85,0.23577356,gemini,sell
1609537072,1609537072836,18409231257,29371.10,0.0001,gemini,buy
1609537072,1609537072836,18409231259,29378.29,0.05327715,gemini,buy
1609537063,1609537063323,18409228250,29381.83,0.00017012,gemini,buy
1609537062,1609537062644,18409227724,29381.83,0.16680359,gemini,buy
1609537059,1609537059846,18409226876,29381.83,0.00534989,gemini,buy
1609537059,1609537059968,18409226937,29359.36,0.001,gemini,sell
1609537054,1609537054318,18409224735,29389.67,0.01703987,gemini,buy
1609537036,1609537036225,18409215011,29377.16,0.0084177,gemini,buy
1609537035,1609537035789,18409214890,29377.16,0.00145975,gemini,buy
1609537026,1609537026285,18409210173,29357.66,0.00667729,gemini,buy
1609537021,1609537021717,18409208451,29357.66,0.00003394,gemini,buy
1609536992,1609536992043,18409199584,29354.73,0.01520059,gemini,buy
1609536992,1609536992043,18409199586,29354.74,0.01819796,gemini,buy
1609536992,1609536992908,18409199808,29354.74,0.01669574,gemini,buy
1609536981,1609536981658,18409196657,29350.00,0.15625993,gemini,buy
1609536981,1609536981658,18409196659,29359.12,0.01076465,gemini,buy
1609536977,1609536977136,18409195365,29350.00,0.00192736,gemini,buy
1609536977,1609536977136,18409195363,29349.85,0.0001,gemini,buy
1609536970,1609536970180,18409190862,29335.99,0.01570008,gemini,sell
1609536959,1609536959410,18409185306,29348.54,0.00870003,gemini,buy
1609536948,1609536948296,18409181611,29348.54,0.0018286,gemini,buy
1609536936,1609536936665,18409177849,29336.01,0.026,gemini,sell
1609536935,1609536935715,18409177513,29343.09,0.02457635,gemini,buy
1609536935,1609536935715,18409177515,29343.87,0.22595271,gemini,buy
1609536898,1609536898334,18409161549,29348.54,0.00046584,gemini,buy
1609536892,1609536892175,18409158285,29348.53,0.003289,gemini,buy
1609536882,1609536882639,18409155454,29348.53,0.02556203,gemini,buy
1609536881,1609536881540,18409155024,29339.94,0.00011648,gemini,buy
1609536881,1609536881540,18409155030,29348.53,0.0001,gemini,buy
1609536881,1609536881540,18409155032,29350.00,0.01628196,gemini,buy
1609536881,1609536881540,18409155026,29347.31,0.0001,gemini,buy
1609536881,1609536881540,18409155028,29347.72,0.0001,gemini,buy
1609536876,1609536876038,18409153022,29336.01,0.16822158,gemini,sell
1609536876,1609536876038,18409153020,29336.02,0.02429142,gemini,sell
1609536869,1609536869028,18409150255,29339.20,0.03340847,gemini,buy
1609536868,1609536868004,18409149863,29339.20,0.00841843,gemini,buy
1609536867,1609536867488,18409149436,29339.80,0.0000003396,gemini,buy
1609536857,1609536857210,18409144857,29337.10,0.0018291,gemini,buy
1609536814,1609536814439,18409125728,29345.85,0.01630426,gemini,buy
1609536811,1609536811928,18409124813,29345.74,0.00699791,gemini,buy
1609536800,1609536800088,18409119963,29345.74,0.00415785,gemini,buy
1609536799,1609536799673,18409119886,29335.99,0.03429992,gemini,sell
1609536782,1609536782129,18409105324,29338.45,0.0000257,gemini,sell
1609536780,1609536780570,18409102813,29347.07,0.01353004,gemini,buy
1609536769,1609536769426,18409098679,29347.07,0.02173811,gemini,buy
1609536757,1609536757075,18409095241,29347.06,0.00373184,gemini,buy
1609536734,1609536734584,18409087225,29342.11,0.47915532,gemini,buy
1609536724,1609536724427,18409084737,29342.11,0.02897905,gemini,buy
1609536715,1609536715940,18409082285,29343.57,0.01420512,gemini,buy
1609536695,1609536695602,18409074652,29343.46,0.0113641,gemini,buy
1609536688,1609536688339,18409071897,29348.95,0.00586683,gemini,buy
1609536684,1609536684045,18409067178,29332.14,0.16708668,gemini,buy
1609536672,1609536672968,18409063826,29332.14,0.01670861,gemini,buy
1609536668,1609536668413,18409062637,29332.14,0.00899354,gemini,buy
1609536656,1609536656779,18409057293,29330.58,0.00339243,gemini,buy
1609536656,1609536656510,18409057166,29330.58,0.03638348,gemini,buy
1609536653,1609536653988,18409055957,29312.33,0.05877887,gemini,sell
1609536653,1609536653988,18409055955,29312.34,0.03577109,gemini,sell
1609536652,1609536652933,18409055140,29331.62,0.00317191,gemini,buy
1609536651,1609536651033,18409054440,29331.62,0.03341127,gemini,buy
1609536644,1609536644530,18409050410,29337.37,0.0000003396,gemini,buy
1609536637,1609536637886,18409046625,29337.06,0.00261835,gemini,buy
1609536637,1609536637886,18409046623,29326.79,0.00125876,gemini,buy
1609536615,1609536615713,18409037381,29326.79,0.00317405,gemini,buy
1609536607,1609536607180,18409034129,29317.33,0.00330925,gemini,buy
1609536607,1609536607353,18409034185,29317.33,0.16712518,gemini,buy
1609536605,1609536605804,18409033410,29317.33,0.00156962,gemini,buy
1609536603,1609536603412,18409031528,29317.33,0.01671251,gemini,buy
1609536602,1609536602435,18409030451,29325.29,0.00248478,gemini,buy
1609536589,1609536589436,18409025370,29326.79,0.00160345,gemini,buy
1609536568,1609536568405,18409015875,29326.79,0.00133,gemini,buy
1609536560,1609536560349,18409011786,29332.88,0.00842464,gemini,buy
1609536552,1609536552443,18409005929,29318.07,0.00339294,gemini,buy
1609536540,1609536540090,18409002349,29311.79,0.03467632,gemini,buy
1609536539,1609536539085,18409002056,29311.79,0.03401685,gemini,buy
1609536539,1609536539163,18409002106,29311.79,0.6972,gemini,buy
1609536533,1609536533933,18409000621,29311.68,0.01613674,gemini,buy
1609536517,1609536517718,18408994703,29318.76,0.16716239,gemini,buy
1609536507,1609536507794,18408992172,29318.76,0.0339888933,gemini,buy
1609536502,1609536502741,18408991019,29318.76,0.00274123,gemini,buy
1609536477,1609536477582,18408984309,29298.04,0.03773038,gemini,sell
1609536477,1609536477582,18408984307,29305.00,0.01530319,gemini,sell
1609536477,1609536477582,18408984311,29297.04,0.02073119,gemini,sell
1609536463,1609536463697,18408979543,29317.87,0.01002923,gemini,buy
1609536463,1609536463697,18408979541,29317.86,0.03008729,gemini,buy
1609536429,1609536429839,18408968555,29305.58,0.00160356,gemini,buy
1609536428,1609536428476,18408968307,29305.57,0.01120496,gemini,buy
1609536421,1609536421276,18408966099,29305.58,0.00000034,gemini,buy
1609536417,1609536417235,18408964858,29305.28,0.0009212,gemini,buy
1609536401,1609536401627,18408960050,29314.91,0.1198247931,gemini,buy
1609536401,1609536401627,18408960048,29314.90,0.05014201,gemini,buy
1609536384,1609536384002,18408956016,29316.02,0.0681474,gemini,buy
1609536363,1609536363248,18408946006,29318.30,0.00330745,gemini,buy
1609536341,1609536341483,18408940193,29318.80,0.0021045,gemini,buy
1609536332,1609536332771,18408937289,29315.34,0.01533606,gemini,buy
1609536332,1609536332771,18408937287,29315.33,0.00079867,gemini,buy
1609536328,1609536328632,18408936263,29315.33,0.00131862,gemini,buy
1609536324,1609536324563,18408934910,29315.33,0.04262779,gemini,buy
1609536323,1609536323022,18408934539,29315.33,0.03343639,gemini,buy
1609536308,1609536308853,18408929039,29327.78,0.00131862,gemini,buy
1609536306,1609536306758,18408928481,29327.78,0.00273954,gemini,buy
1609536289,1609536289029,18408922897,29327.78,0.01002666,gemini,buy
1609536278,1609536278958,18408920240,29307.59,0.03416836,gemini,sell
1609536275,1609536275253,18408918408,29311.11,0.03416836,gemini,sell
1609536267,1609536267586,18408914373,29316.25,0.12,gemini,sell
1609536267,1609536267969,18408914612,29316.25,0.03414845,gemini,sell
1609536264,1609536264182,18408912984,29320.44,0.03414845,gemini,sell
1609536263,1609536263863,18408912832,29320.53,0.12,gemini,sell
1609536260,1609536260561,18408911949,29319.24,0.0286,gemini,sell
1609536260,1609536260222,18408911625,29319.24,0.12,gemini,sell
1609536256,1609536256836,18408909995,29314.74,0.03080665,gemini,sell
1609536256,1609536256514,18408909938,29314.74,0.03080665,gemini,sell
1609536255,1609536255537,18408909699,29314.74,0.001571,gemini,sell
1609536253,1609536253101,18408908728,29309.84,0.03415294,gemini,sell
1609536252,1609536252656,18408908651,29309.85,0.04409383,gemini,sell
1609536249,1609536249634,18408907662,29323.59,0.00273923,gemini,buy
1609536245,1609536245553,18408905824,29298.05,0.01,gemini,sell
1609536245,1609536245682,18408905926,29315.69,0.00220722,gemini,buy
1609536245,1609536245103,18408905534,29298.04,0.01,gemini,sell
1609536244,1609536244807,18408905414,29315.69,0.0084223,gemini,buy
1609536232,1609536232278,18408898680,29304.08,0.03417081,gemini,sell
1609536231,1609536231138,18408898163,29304.08,0.12,gemini,sell
1609536229,1609536229895,18408897751,29323.58,0.0016291,gemini,buy
1609536228,1609536228563,18408897091,29304.08,0.03417081,gemini,sell
1609536223,1609536223050,18408893509,29311.42,0.12,gemini,sell
1609536220,1609536220495,18408891812,29311.46,0.03415294,gemini,sell
1609536216,1609536216861,18408889456,29334.22,0.00217372,gemini,buy
1609536205,1609536205107,18408881205,29318.90,0.00668612,gemini,buy
1609536199,1609536199327,18408878255,29301.24,0.1,gemini,sell
1609536195,1609536195683,18408875878,29301.23,0.02,gemini,sell
1609536195,1609536195683,18408875876,29301.24,0.1,gemini,sell
1609536180,1609536180622,18408862422,29287.02,0.008367,gemini,buy
1609536178,1609536178692,18408861315,29283.88,0.0000003402,gemini,buy
1609536173,1609536173868,18408858691,29276.40,0.03419725,gemini,sell
1609536172,1609536172710,18408857309,29280.97,0.12,gemini,sell
1609536170,1609536170117,18408855755,29283.71,0.00751678,gemini,sell
1609536170,1609536170117,18408855757,29282.14,0.02668047,gemini,sell
1609536168,1609536168137,18408855005,29299.51,0.00032296,gemini,buy
1609536158,1609536158121,18408852846,29299.96,0.00030597,gemini,buy
1609536149,1609536149291,18408851475,29299.96,0.00329445,gemini,buy
1609536143,1609536143207,18408849970,29299.97,0.00163041,gemini,buy
1609536140,1609536140966,18408849055,29299.96,0.00103533,gemini,buy
1609536137,1609536137211,18408847343,29280.69,0.01,gemini,sell
1609536130,1609536130052,18408842329,29289.24,0.01706594,gemini,buy
1609536120,1609536120687,18408837192,29280.43,0.00035715,gemini,buy
1609536118,1609536118129,18408836138,29280.65,0.05101292,gemini,buy
1609536118,1609536118364,18408836360,29280.64,0.00849558,gemini,buy
1609536114,1609536114333,18408832336,29293.72,0.00163076,gemini,buy
1609536112,1609536112325,18408831909,29293.72,0.00669187,gemini,buy
1609536109,1609536109563,18408831354,29293.72,0.01672636,gemini,buy
1609536106,1609536106484,18408830332,29293.72,0.0113773,gemini,buy
1609536106,1609536106835,18408830430,29293.72,0.00217306,gemini,buy
1609536104,1609536104827,18408829774,29283.94,0.01162774,gemini,sell
1609536103,1609536103970,18408828619,29288.36,0.12,gemini,sell
1609536100,1609536100821,18408827331,29288.26,0.03418613,gemini,sell
1609536100,1609536100088,18408827072,29288.26,0.12,gemini,sell
1609536097,1609536097067,18408825855,29288.59,0.03418613,gemini,sell
1609536096,1609536096436,18408825722,29288.59,0.12,gemini,sell
1609536091,1609536091438,18408824393,29301.01,0.00163035,gemini,buy
1609536089,1609536089146,18408823706,29301.01,0.00163035,gemini,buy
1609536085,1609536085621,18408822921,29301.01,0.00013617,gemini,buy
1609536085,1609536085766,18408822967,29301.01,0.00331055,gemini,buy
1609536084,1609536084699,18408822667,29288.15,0.74238582,gemini,sell
1609536083,1609536083110,18408822331,29286.78,0.01,gemini,sell
1609536082,1609536082705,18408822241,29288.24,0.01,gemini,sell
1609536080,1609536080171,18408821529,29302.49,0.00288394,gemini,buy
1609536078,1609536078349,18408821228,29302.49,0.00013616,gemini,buy
1609536074,1609536074536,18408820274,29302.50,0.00062854,gemini,buy
1609536072,1609536072721,18408819532,29287.19,0.00162795,gemini,sell
1609536069,1609536069570,18408818431,29298.24,0.00062863,gemini,buy
1609536062,1609536062707,18408817046,29284.26,0.01,gemini,sell
1609536062,1609536062235,18408816652,29284.26,0.01,gemini,sell
1609536049,1609536049625,18408810993,29283.20,0.05744686,gemini,sell
1609536047,1609536047654,18408810728,29283.20,0.03418438,gemini,sell
1609536045,1609536045962,18408810394,29283.20,0.12,gemini,sell
1609536044,1609536044052,18408809717,29283.20,0.03418438,gemini,sell
1609536042,1609536042306,18408809000,29283.20,0.12,gemini,sell
1609536042,1609536042584,18408809102,29295.15,0.00029414,gemini,buy
1609536039,1609536039745,18408808039,29283.10,0.03418438,gemini,sell
1609536038,1609536038592,18408807547,29295.15,0.00217291,gemini,buy
1609536029,1609536029366,18408804066,29295.15,0.0164979,gemini,buy
1609536019,1609536019084,18408800210,29300.22,0.01672681,gemini,buy
1609536009,1609536009569,18408796434,29289.52,0.12,gemini,sell
1609536009,1609536009257,18408796244,29288.08,0.02763588,gemini,sell
1609536007,1609536007176,18408793256,29292.67,0.01355103,gemini,buy
1609536005,1609536005794,18408792385,29280.82,0.01681448,gemini,sell
1609536003,1609536003219,18408791226,29280.82,0.03419444,gemini,sell
1609536002,1609536002153,18408790660,29280.82,0.12,gemini,sell
1609535999,1609535999060,18408788807,29279.49,0.03419444,gemini,sell
1609535998,1609535998420,18408788445,29281.28,0.07479664,gemini,sell
1609535994,1609535994039,18408787141,29293.35,0.00013621,gemini,buy
1609535994,1609535994131,18408787218,29293.35,0.01706679,gemini,buy
1609535986,1609535986700,18408785115,29293.44,0.01673068,gemini,buy
1609535985,1609535985945,18408784796,29281.17,0.0070083,gemini,sell
1609535985,1609535985516,18408784699,29281.17,0.0070083,gemini,sell
1609535985,1609535985426,18408784676,29293.56,0.00329517,gemini,buy
1609535984,1609535984094,18408783991,29293.58,0.00853259,gemini,buy
1609535982,1609535982240,18408783080,29281.18,0.03419585,gemini,sell
1609535981,1609535981873,18408782635,29281.18,0.0382,gemini,sell
1609535979,1609535979077,18408781678,29294.00,0.01471469,gemini,buy
1609535978,1609535978593,18408781273,29281.17,0.0332,gemini,sell
1609535978,1609535978023,18408780462,29281.18,0.0332,gemini,sell
1609535975,1609535975465,18408777847,29309.70,0.00363284,gemini,buy
1609535974,1609535974859,18408777710,29291.31,0.03419585,gemini,sell
1609535974,1609535974298,18408777484,29291.51,0.06580415,gemini,sell
1609535972,1609535972224,18408776575,29309.72,0.00843453,gemini,buy
1609535971,1609535971135,18408776347,29291.51,0.03419585,gemini,sell
1609535970,1609535970643,18408776127,29291.30,0.06762066,gemini,sell
1609535970,1609535970643,18408776125,29291.50,0.05237934,gemini,sell
1609535967,1609535967941,18408772309,29294.40,0.00062871,gemini,buy
1609535966,1609535966007,18408771983,29294.40,0.00499339,gemini,buy
1609535964,1609535964891,18408771862,29294.40,0.01338376,gemini,buy
1609535955,1609535955496,18408768994,29297.28,0.0000003401,gemini,buy
1609535953,1609535953784,18408767762,29280.41,0.01,gemini,sell
1609535953,1609535953014,18408767430,29280.31,0.01,gemini,sell
1609535952,1609535952166,18408767024,29297.20,0.00097374,gemini,buy
1609535952,1609535952166,18408767026,29299.40,0.01575354,gemini,buy
1609535951,1609535951551,18408766799,29297.20,0.09902626,gemini,buy
1609535951,1609535951551,18408766797,29296.66,0.06825915,gemini,buy
1609535948,1609535948908,18408766423,29296.66,0.00246853,gemini,buy
1609535948,1609535948372,18408766336,29276.81,0.00883618,gemini,sell
1609535947,1609535947609,18408766233,29296.66,0.00035695,gemini,buy
1609535946,1609535946001,18408765758,29276.81,0.02579103,gemini,sell
1609535946,1609535946008,18408765764,29296.66,0.00174724,gemini,buy
1609535945,1609535945345,18408765596,29276.81,0.03420897,gemini,sell
1609535942,1609535942098,18408761653,29266.99,0.12,gemini,sell
1609535939,1609535939946,18408759181,29287.99,0.01673378,gemini,buy
1609535936,1609535936272,18408757708,29271.49,0.02425147,gemini,sell
1609535936,1609535936230,18408757673,29288.21,0.00669312,gemini,buy
1609535936,1609535936298,18408757714,29271.49,0.06857348,gemini,sell
1609535935,1609535935094,18408756633,29271.59,0.12,gemini,sell
1609535932,1609535932525,18408754826,29271.69,0.03420014,gemini,sell
1609535931,1609535931324,18408754020,29271.69,0.1,gemini,sell
1609535928,1609535928756,18408753400,29271.67,0.00154839,gemini,sell
1609535927,1609535927619,18408752881,29290.60,0.00146223,gemini,buy
1609535923,1609535923308,18408749704,29278.90,0.00163158,gemini,buy
1609535919,1609535919071,18408746159,29255.69,0.03421716,gemini,sell
1609535918,1609535918994,18408746135,29255.69,0.12,gemini,sell
1609535915,1609535915046,18408744660,29255.70,0.02255485,gemini,sell
1609535915,1609535915404,18408744937,29255.69,0.02255485,gemini,sell
1609535910,1609535910007,18408740722,29254.30,0.00513819,gemini,sell
1609535909,1609535909624,18408740295,29270.26,0.00513819,gemini,sell
1609535903,1609535903577,18408734168,29270.68,0.0033415,gemini,sell
1609535903,1609535903758,18408734241,29270.68,0.0033415,gemini,sell
